<?xml version="1.0" encoding="UTF-8"?>
<!DOCTYPE html PUBLIC "-//W3C//DTD XHTML 1.0 Transitional//EN"
    "http://www.w3.org/TR/xhtml1/DTD/xhtml1-transitional.dtd">
<html xmlns="http://www.w3.org/1999/xhtml" xml:lang="en" lang="en">
 <head>
  <title>
</title>
<meta http-equiv="Content-Type" content="text/html;charset=utf-8" />
  <meta name='ocr-system' content='tesseract 3.04.00' />
  <meta name='ocr-capabilities' content='ocr_page ocr_carea ocr_par ocr_line ocrx_word'/>
</head>
<body>
  <div class='ocr_page' id='page_1' title='image "./defuturiexactiu00meifgoog_0013.png"; bbox 0 0 3206 4916; ppageno 0'>
   <div class='ocr_carea' id='block_1_1' title="bbox 657 401 897 460">
    <p class='ocr_par' dir='ltr' id='par_1_1' title="bbox 657 401 897 460">
     <span class='ocr_line' id='line_1_1' title="bbox 657 401 897 460; baseline 0 -20"><span class='ocrx_word' id='word_1_1' title='bbox 657 401 897 460; x_wconf 74' lang='grc'><strong>...7-</strong></span> 
     </span>
    </p>
   </div>
   <div class='ocr_carea' id='block_1_2' title="bbox 115 567 1366 664">
    <p class='ocr_par' dir='ltr' id='par_1_2' title="bbox 115 567 1366 664">
     <span class='ocr_line' id='line_1_2' title="bbox 115 567 1366 664; baseline 0.006 -34"><span class='ocrx_word' id='word_1_2' title='bbox 115 653 122 664; x_wconf 29' lang='grc'><strong>,</strong></span> <span class='ocrx_word' id='word_1_3' title='bbox 232 567 472 651; x_wconf 85' lang='lat' dir='ltr'><strong>Responsiones</strong></span> <span class='ocrx_word' id='word_1_4' title='bbox 503 569 608 634; x_wconf 91' lang='lat' dir='ltr'><strong>omnis</strong></span> <span class='ocrx_word' id='word_1_5' title='bbox 644 567 707 634; x_wconf 91' lang='lat' dir='ltr'><strong>hoe</strong></span> <span class='ocrx_word' id='word_1_6' title='bbox 740 567 840 634; x_wconf 85' lang='lat' dir='ltr'><strong>verbo</strong></span> <span class='ocrx_word' id='word_1_7' title='bbox 873 568 1018 652; x_wconf 92' lang='lat' dir='ltr'><strong>eripis.</strong></span> <span class='ocrx_word' id='word_1_8' title='bbox 1041 607 1082 618; x_wconf 91' lang='lat'>-</span> <span class='ocrx_word' id='word_1_9' title='bbox 1107 576 1159 636; x_wconf 83' lang='lat'><strong>45.</strong></span> <span class='ocrx_word' id='word_1_10' title='bbox 1188 574 1261 636; x_wconf 78' lang='lat' dir='ltr'><strong>ibid.</strong></span> <span class='ocrx_word' id='word_1_11' title='bbox 1289 575 1366 638; x_wconf 85' lang='grc'><strong><em>686.</em></strong></span> 
     </span>
    </p>
   </div>
   <div class='ocr_carea' id='block_1_3' title="bbox 231 687 1369 1617">
    <p class='ocr_par' dir='ltr' id='par_1_3' title="bbox 231 687 1369 1617">
     <span class='ocr_line' id='line_1_3' title="bbox 232 687 1368 776; baseline 0.004 -23"><span class='ocrx_word' id='word_1_12' title='bbox 232 687 338 770; x_wconf 78' lang='lat' dir='ltr'><strong>Euge,</strong></span> <span class='ocrx_word' id='word_1_13' title='bbox 372 693 504 772; x_wconf 86' lang='lat' dir='ltr'><strong>optume</strong></span> <span class='ocrx_word' id='word_1_14' title='bbox 526 708 639 754; x_wconf 89' lang='lat' dir='ltr'><strong>eccum</strong></span> <span class='ocrx_word' id='word_1_15' title='bbox 661 687 727 754; x_wconf 91' lang='lat' dir='ltr'><strong>huc</strong></span> <span class='ocrx_word' id='word_1_16' title='bbox 748 687 877 754; x_wconf 78' lang='lat' dir='ltr'><strong>sedium</strong></span> <span class='ocrx_word' id='word_1_17' title='bbox 900 687 1048 755; x_wconf 84' lang='lat' dir='ltr'><strong>dominus</strong></span> <span class='ocrx_word' id='word_1_18' title='bbox 1070 689 1160 755; x_wconf 83' lang='lat' dir='ltr'><strong>fores</strong></span> <span class='ocrx_word' id='word_1_19' title='bbox 1182 690 1270 756; x_wconf 86' lang='lat' dir='ltr'>Simo</span> <span class='ocrx_word' id='word_1_20' title='bbox 1292 712 1368 776; x_wconf 91' lang='lat' dir='ltr'><strong>pro·</strong></span> 
     </span>
     <span class='ocr_line' id='line_1_4' title="bbox 232 807 1368 892; baseline 0.004 -19"><span class='ocrx_word' id='word_1_21' title='bbox 232 807 498 892; x_wconf 83' lang='lat' dir='ltr'><strong>gredituripsus.</strong></span> <span class='ocrx_word' id='word_1_22' title='bbox 526 807 605 874; x_wconf 91' lang='lat' dir='ltr'><strong>huc</strong></span> <span class='ocrx_word' id='word_1_23' title='bbox 624 829 823 890; x_wconf 79' lang='lat' dir='ltr'><strong>concessero,</strong></span> <span class='ocrx_word' id='word_1_24' title='bbox 852 809 953 875; x_wconf 87' lang='lat' dir='ltr'><strong>Dum</strong></span> <span class='ocrx_word' id='word_1_25' title='bbox 980 809 1060 875; x_wconf 90' lang='lat' dir='ltr'><strong>mihi</strong></span> <span class='ocrx_word' id='word_1_26' title='bbox 1083 815 1231 878; x_wconf 89' lang='lat' dir='ltr'><strong>senetum</strong></span> <span class='ocrx_word' id='word_1_27' title='bbox 1254 812 1368 878; x_wconf 85' lang='lat' dir='ltr'><strong>consili</strong></span> 
     </span>
     <span class='ocr_line' id='line_1_5' title="bbox 231 928 1368 1016; baseline 0.004 -23"><span class='ocrx_word' id='word_1_28' title='bbox 231 928 266 993; x_wconf 89' lang='lat' dir='ltr'><strong>in</strong></span> <span class='ocrx_word' id='word_1_29' title='bbox 293 948 351 994; x_wconf 87' lang='lat' dir='ltr'><strong>oor</strong></span> <span class='ocrx_word' id='word_1_30' title='bbox 379 943 529 1016; x_wconf 78' lang='lat' dir='ltr'><strong>convoco.</strong></span> <span class='ocrx_word' id='word_1_31' title='bbox 551 965 595 979; x_wconf 95' lang='lat'><em>-</em></span> <span class='ocrx_word' id='word_1_32' title='bbox 616 934 667 997; x_wconf 86' lang='grc'><strong>46.</strong></span> <span class='ocrx_word' id='word_1_33' title='bbox 691 933 764 996; x_wconf 77' lang='lat' dir='ltr'><strong>ibid.</strong></span> <span class='ocrx_word' id='word_1_34' title='bbox 788 933 867 996; x_wconf 83' lang='grc'><strong><em>020.</em></strong></span> <span class='ocrx_word' id='word_1_35' title='bbox 900 929 1007 996; x_wconf 87' lang='lat' dir='ltr'><strong>Hodie</strong></span> <span class='ocrx_word' id='word_1_36' title='bbox 1029 930 1179 1015; x_wconf 81' lang='lat' dir='ltr'><strong>accipiat</strong></span> <span class='ocrx_word' id='word_1_37' title='bbox 1211 931 1287 997; x_wconf 77' lang='lat' dir='ltr'><strong>&#39;TR.</strong></span> <span class='ocrx_word' id='word_1_38' title='bbox 1316 933 1368 998; x_wconf 81' lang='grc'><strong>145</strong></span> 
     </span>
     <span class='ocr_line' id='line_1_6' title="bbox 232 1048 1367 1138; baseline 0.004 -24"><span class='ocrx_word' id='word_1_39' title='bbox 232 1050 424 1116; x_wconf 85' lang='lat' dir='ltr'><strong>enimvero:</strong></span> <span class='ocrx_word' id='word_1_40' title='bbox 449 1069 491 1114; x_wconf 88' lang='lat' dir='ltr'><strong>ue</strong></span> <span class='ocrx_word' id='word_1_41' title='bbox 512 1069 578 1132; x_wconf 84' lang='lat' dir='ltr'><strong>quo</strong></span> <span class='ocrx_word' id='word_1_42' title='bbox 600 1069 700 1138; x_wconf 81' lang='lat' dir='ltr'><strong>ceusu</strong></span> <span class='ocrx_word' id='word_1_43' title='bbox 722 1048 856 1117; x_wconf 82' lang='lat' dir='ltr'><strong>subeiet</strong></span> <span class='ocrx_word' id='word_1_44' title='bbox 889 1049 948 1116; x_wconf 91' lang='lat' dir='ltr'><strong>Vel</strong></span> <span class='ocrx_word' id='word_1_45' title='bbox 969 1049 1050 1115; x_wconf 88' lang='lat' dir='ltr'><strong>mihi</strong></span> <span class='ocrx_word' id='word_1_46' title='bbox 1071 1051 1367 1119; x_wconf 85' lang='lat' dir='ltr'><strong>denumereto:</strong></span> 
     </span>
     <span class='ocr_line' id='line_1_7' title="bbox 232 1169 1367 1256; baseline 0.002 -21"><span class='ocrx_word' id='word_1_47' title='bbox 232 1190 293 1254; x_wconf 84' lang='lat' dir='ltr'><strong>ego</strong></span> <span class='ocrx_word' id='word_1_48' title='bbox 315 1169 363 1235; x_wconf 90' lang='lat' dir='ltr'><strong>illi</strong></span> <span class='ocrx_word' id='word_1_49' title='bbox 384 1190 483 1254; x_wconf 88' lang='lat' dir='ltr'><strong>porro</strong></span> <span class='ocrx_word' id='word_1_50' title='bbox 506 1176 756 1236; x_wconf 81' lang='lat' dir='ltr'><strong>dcucmerooero.</strong></span> <span class='ocrx_word' id='word_1_51' title='bbox 772 1175 879 1238; x_wconf 85' lang='grc'><strong>-47.</strong></span> <span class='ocrx_word' id='word_1_52' title='bbox 901 1174 974 1236; x_wconf 82' lang='lat' dir='ltr'><strong>ibid.</strong></span> <span class='ocrx_word' id='word_1_53' title='bbox 998 1174 1101 1238; x_wconf 88' lang='grc'><strong><em>1006.</em></strong></span> <span class='ocrx_word' id='word_1_54' title='bbox 1125 1171 1216 1237; x_wconf 81' lang='lat' dir='ltr'><strong>Haut</strong></span> <span class='ocrx_word' id='word_1_55' title='bbox 1237 1171 1367 1256; x_wconf 88' lang='lat' dir='ltr'><strong>postulo</strong></span> 
     </span>
     <span class='ocr_line' id='line_1_8' title="bbox 232 1289 1369 1376; baseline 0.001 -20"><span class='ocrx_word' id='word_1_56' title='bbox 232 1289 357 1375; x_wconf 83' lang='lat' dir='ltr'><strong>edepol.</strong></span> <span class='ocrx_word' id='word_1_57' title='bbox 401 1290 448 1356; x_wconf 89' lang='lat' dir='ltr'><strong>SI.</strong></span> <span class='ocrx_word' id='word_1_58' title='bbox 476 1290 598 1357; x_wconf 89' lang='lat' dir='ltr'><strong>Verum</strong></span> <span class='ocrx_word' id='word_1_59' title='bbox 619 1311 711 1371; x_wconf 83' lang='lat' dir='ltr'><strong>cres,</strong></span> <span class='ocrx_word' id='word_1_60' title='bbox 738 1291 800 1356; x_wconf 87' lang='lat' dir='ltr'><strong>nisi</strong></span> <span class='ocrx_word' id='word_1_61' title='bbox 822 1289 895 1374; x_wconf 86' lang='lat' dir='ltr'><strong>quie</strong></span> <span class='ocrx_word' id='word_1_62' title='bbox 916 1291 1009 1376; x_wconf 89' lang='lat' dir='ltr'><strong>prius</strong></span> <span class='ocrx_word' id='word_1_63' title='bbox 1031 1292 1206 1359; x_wconf 86' lang='lat' dir='ltr'><strong>Vocuverit</strong></span> <span class='ocrx_word' id='word_1_64' title='bbox 1226 1313 1294 1374; x_wconf 85' lang='lat' dir='ltr'><strong>me,</strong></span> <span class='ocrx_word' id='word_1_65' title='bbox 1317 1293 1369 1359; x_wconf 78' lang='lat' dir='ltr'><strong>rel</strong></span> 
     </span>
     <span class='ocr_line' id='line_1_9' title="bbox 231 1411 1368 1497; baseline 0.002 -20"><span class='ocrx_word' id='word_1_66' title='bbox 231 1415 312 1496; x_wconf 81' lang='lat' dir='ltr'><strong>aput</strong></span> <span class='ocrx_word' id='word_1_67' title='bbox 331 1415 366 1477; x_wconf 90' lang='lat' dir='ltr'><strong>te</strong></span> <span class='ocrx_word' id='word_1_68' title='bbox 388 1431 548 1478; x_wconf 75' lang='lat' dir='ltr'><strong>ornavero.</strong></span> <span class='ocrx_word' id='word_1_69' title='bbox 569 1447 613 1460; x_wconf 89' lang='lat'><em>-</em></span> <span class='ocrx_word' id='word_1_70' title='bbox 634 1415 686 1478; x_wconf 83' lang='lat'><strong>48.</strong></span> <span class='ocrx_word' id='word_1_71' title='bbox 706 1414 780 1477; x_wconf 81' lang='lat' dir='ltr'><strong>ibid.</strong></span> <span class='ocrx_word' id='word_1_72' title='bbox 801 1415 916 1497; x_wconf 70' lang='lat'><strong><em>1038„</em></strong></span> <span class='ocrx_word' id='word_1_73' title='bbox 934 1411 1018 1478; x_wconf 84' lang='lat' dir='ltr'><strong>Fiet.</strong></span> <span class='ocrx_word' id='word_1_74' title='bbox 1039 1412 1105 1478; x_wconf 90' lang='grc' dir='ltr'><strong>ΤΗ.</strong></span> <span class='ocrx_word' id='word_1_75' title='bbox 1128 1413 1368 1497; x_wconf 80' lang='lat' dir='ltr'><strong>Servorumque</strong></span> 
     </span>
     <span class='ocr_line' id='line_1_10' title="bbox 231 1529 1366 1617; baseline 0.001 -19"><span class='ocrx_word' id='word_1_76' title='bbox 231 1553 366 1617; x_wconf 86' lang='lat' dir='ltr'><strong>operum</strong></span> <span class='ocrx_word' id='word_1_77' title='bbox 395 1536 429 1596; x_wconf 90' lang='grc'><strong>54</strong></span> <span class='ocrx_word' id='word_1_78' title='bbox 456 1532 529 1598; x_wconf 86' lang='lat' dir='ltr'><strong>lore</strong></span> <span class='ocrx_word' id='word_1_79' title='bbox 555 1531 635 1596; x_wconf 90' lang='lat' dir='ltr'><strong>mihi</strong></span> <span class='ocrx_word' id='word_1_80' title='bbox 664 1529 754 1598; x_wconf 85' lang='lat' dir='ltr'><strong>cedo.</strong></span> <span class='ocrx_word' id='word_1_81' title='bbox 798 1531 846 1598; x_wconf 87' lang='lat' dir='ltr'><strong>SI.</strong></span> <span class='ocrx_word' id='word_1_82' title='bbox 878 1531 984 1599; x_wconf 82' lang='lat' dir='ltr'><strong>Sume.</strong></span> <span class='ocrx_word' id='word_1_83' title='bbox 1028 1532 1095 1598; x_wconf 91' lang='grc' dir='ltr'><strong>ΤΗ.</strong></span> <span class='ocrx_word' id='word_1_84' title='bbox 1124 1532 1278 1600; x_wconf 81' lang='lat' dir='ltr'><strong>Eodem</strong></span> <span class='ocrx_word' id='word_1_85' title='bbox 1306 1554 1366 1617; x_wconf 78' lang='lat' dir='ltr'><strong>ego</strong></span> 
     </span>
    </p>
   </div>
   <div class='ocr_carea' id='block_1_4' title="bbox 230 1650 1368 1858">
    <p class='ocr_par' dir='ltr' id='par_1_4' title="bbox 230 1650 1368 1858">
     <span class='ocr_line' id='line_1_11' title="bbox 231 1650 1368 1738; baseline 0.001 -20"><span class='ocrx_word' id='word_1_86' title='bbox 231 1673 361 1737; x_wconf 81' lang='lat' dir='ltr'><strong>opera</strong></span> <span class='ocrx_word' id='word_1_87' title='bbox 390 1652 474 1717; x_wconf 83' lang='lat' dir='ltr'><strong>hoec</strong></span> <span class='ocrx_word' id='word_1_88' title='bbox 501 1651 591 1718; x_wconf 89' lang='lat' dir='ltr'><strong>intus</strong></span> <span class='ocrx_word' id='word_1_89' title='bbox 622 1650 683 1718; x_wconf 91' lang='lat' dir='ltr'><strong>tibi</strong></span> <span class='ocrx_word' id='word_1_90' title='bbox 710 1673 884 1718; x_wconf 83' lang='lat' dir='ltr'><strong>narravero</strong></span> <span class='ocrx_word' id='word_1_91' title='bbox 916 1653 995 1732; x_wconf 86' lang='lat' dir='ltr'><strong>Quis</strong></span> <span class='ocrx_word' id='word_1_92' title='bbox 1016 1673 1070 1718; x_wconf 90' lang='lat' dir='ltr'><strong>me</strong></span> <span class='ocrx_word' id='word_1_93' title='bbox 1090 1653 1188 1721; x_wconf 89' lang='lat' dir='ltr'><strong>hodie</strong></span> <span class='ocrx_word' id='word_1_94' title='bbox 1210 1653 1368 1738; x_wconf 89' lang='lat' dir='ltr'><strong>exemplis</strong></span> 
     </span>
     <span class='ocr_line' id='line_1_12' title="bbox 230 1771 1367 1858; baseline 0.001 -20"><span class='ocrx_word' id='word_1_95' title='bbox 230 1773 286 1839; x_wconf 88' lang='lat' dir='ltr'><strong>ille</strong></span> <span class='ocrx_word' id='word_1_96' title='bbox 306 1771 495 1840; x_wconf 75' lang='lat' dir='ltr'><strong>ludificatus</strong></span> <span class='ocrx_word' id='word_1_97' title='bbox 516 1776 575 1838; x_wconf 90' lang='lat' dir='ltr'><strong>est.</strong></span> <span class='ocrx_word' id='word_1_98' title='bbox 597 1809 641 1821; x_wconf 93' lang='lat'>-</span> <span class='ocrx_word' id='word_1_99' title='bbox 663 1779 714 1840; x_wconf 85' lang='lat'><strong>49.</strong></span> <span class='ocrx_word' id='word_1_100' title='bbox 741 1777 815 1840; x_wconf 82' lang='lat' dir='ltr'><strong>ibid.</strong></span> <span class='ocrx_word' id='word_1_101' title='bbox 837 1777 934 1839; x_wconf 84' lang='lat'><em>1102.</em></span> <span class='ocrx_word' id='word_1_102' title='bbox 980 1773 1162 1858; x_wconf 84' lang='lat' dir='ltr'><strong>Surgedum</strong></span> <span class='ocrx_word' id='word_1_103' title='bbox 1183 1773 1268 1839; x_wconf 88' lang='lat' dir='ltr'><strong>hinc.</strong></span> <span class='ocrx_word' id='word_1_104' title='bbox 1292 1795 1367 1840; x_wconf 89' lang='lat' dir='ltr'><strong>con-</strong></span> 
     </span>
    </p>
   </div>
   <div class='ocr_carea' id='block_1_5' title="bbox 231 1891 1491 1998">
    <p class='ocr_par' dir='ltr' id='par_1_5' title="bbox 231 1891 1491 1998">
     <span class='ocr_line' id='line_1_13' title="bbox 231 1891 1491 1998; baseline 0.001 -39"><span class='ocrx_word' id='word_1_105' title='bbox 231 1894 371 1961; x_wconf 89' lang='lat' dir='ltr'><strong>sulerest</strong></span> <span class='ocrx_word' id='word_1_106' title='bbox 394 1893 495 1977; x_wconf 85' lang='lat' dir='ltr'><strong>igitur</strong></span> <span class='ocrx_word' id='word_1_107' title='bbox 517 1891 672 1976; x_wconf 78' lang='lat' dir='ltr'><strong>quiddam</strong></span> <span class='ocrx_word' id='word_1_108' title='bbox 694 1893 783 1977; x_wconf 90' lang='lat' dir='ltr'><strong>quod</strong></span> <span class='ocrx_word' id='word_1_109' title='bbox 803 1897 912 1959; x_wconf 86' lang='lat' dir='ltr'><strong>tecum</strong></span> <span class='ocrx_word' id='word_1_110' title='bbox 934 1893 1016 1960; x_wconf 84' lang='lat' dir='ltr'><strong>volo.</strong></span> <span class='ocrx_word' id='word_1_111' title='bbox 1060 1894 1125 1962; x_wconf 88' lang='lat' dir='ltr'><strong>TR.</strong></span> <span class='ocrx_word' id='word_1_112' title='bbox 1156 1895 1227 1960; x_wconf 84' lang='lat' dir='ltr'><strong>Sic</strong></span> <span class='ocrx_word' id='word_1_113' title='bbox 1257 1899 1367 1960; x_wconf 86' lang='lat' dir='ltr'><strong>temen</strong></span> <span class='ocrx_word' id='word_1_114' title='bbox 1489 1993 1491 1998; x_wconf 67' lang='lat'>,</span> 
     </span>
    </p>
   </div>
   <div class='ocr_carea' id='block_1_6' title="bbox 228 2013 1368 3905">
    <p class='ocr_par' dir='ltr' id='par_1_6' title="bbox 228 2013 1368 3905">
     <span class='ocr_line' id='line_1_14' title="bbox 230 2013 1366 2099; baseline 0.001 -20"><span class='ocrx_word' id='word_1_115' title='bbox 230 2014 307 2079; x_wconf 90' lang='lat' dir='ltr'><strong>hine</strong></span> <span class='ocrx_word' id='word_1_116' title='bbox 328 2013 497 2080; x_wconf 90' lang='lat' dir='ltr'><strong>consilium</strong></span> <span class='ocrx_word' id='word_1_117' title='bbox 522 2020 653 2081; x_wconf 62' lang='grc'><strong>0505555</strong></span> <span class='ocrx_word' id='word_1_118' title='bbox 676 2014 775 2080; x_wconf 91' lang='lat' dir='ltr'><strong>nimio</strong></span> <span class='ocrx_word' id='word_1_119' title='bbox 799 2014 873 2099; x_wconf 90' lang='lat' dir='ltr'><strong>plus</strong></span> <span class='ocrx_word' id='word_1_120' title='bbox 897 2014 988 2099; x_wconf 80' lang='lat' dir='ltr'><strong>sapio</strong></span> <span class='ocrx_word' id='word_1_121' title='bbox 1010 2013 1135 2082; x_wconf 89' lang='lat' dir='ltr'><strong>sedens.</strong></span> <span class='ocrx_word' id='word_1_122' title='bbox 1157 2019 1366 2082; x_wconf 55' lang='grc'><strong>*501410</strong></span> 
     </span>
     <span class='ocr_line' id='line_1_15' title="bbox 231 2133 1366 2219; baseline 0.001 -19"><span class='ocrx_word' id='word_1_123' title='bbox 231 2139 327 2202; x_wconf 86' lang='grc'><strong>1143.</strong></span> <span class='ocrx_word' id='word_1_124' title='bbox 362 2134 438 2200; x_wconf 85' lang='lat' dir='ltr'><strong>Sine</strong></span> <span class='ocrx_word' id='word_1_125' title='bbox 461 2133 592 2200; x_wconf 91' lang='lat' dir='ltr'><strong>medum</strong></span> <span class='ocrx_word' id='word_1_126' title='bbox 612 2133 697 2201; x_wconf 88' lang='lat' dir='ltr'><strong>istuc</strong></span> <span class='ocrx_word' id='word_1_127' title='bbox 710 2134 866 2201; x_wconf 81' lang='lat' dir='ltr'><strong>iudicare.</strong></span> <span class='ocrx_word' id='word_1_128' title='bbox 894 2155 1035 2218; x_wconf 85' lang='lat' dir='ltr'><strong>surge:</strong></span> <span class='ocrx_word' id='word_1_129' title='bbox 1058 2156 1119 2219; x_wconf 79' lang='lat' dir='ltr'><strong>ego</strong></span> <span class='ocrx_word' id='word_1_130' title='bbox 1133 2135 1189 2201; x_wconf 93' lang='lat' dir='ltr'><strong>isti</strong></span> <span class='ocrx_word' id='word_1_131' title='bbox 1204 2141 1366 2201; x_wconf 82' lang='lat' dir='ltr'><strong>adsedere.</strong></span> 
     </span>
     <span class='ocr_line' id='line_1_16' title="bbox 230 2253 1368 2340; baseline -0.001 -19"><span class='ocrx_word' id='word_1_132' title='bbox 230 2293 273 2304; x_wconf 91' lang='lat'><em>-</em></span> <span class='ocrx_word' id='word_1_133' title='bbox 296 2260 347 2321; x_wconf 89' lang='lat'><strong>51.</strong></span> <span class='ocrx_word' id='word_1_134' title='bbox 376 2258 449 2322; x_wconf 79' lang='grc'><strong>1440.</strong></span> <span class='ocrx_word' id='word_1_135' title='bbox 481 2258 577 2321; x_wconf 87' lang='grc'><strong><em>1172.</em></strong></span> <span class='ocrx_word' id='word_1_136' title='bbox 621 2253 733 2335; x_wconf 87' lang='lat' dir='ltr'><strong>Mitte,</strong></span> <span class='ocrx_word' id='word_1_137' title='bbox 765 2275 905 2339; x_wconf 80' lang='lat' dir='ltr'><strong>quaeso,</strong></span> <span class='ocrx_word' id='word_1_138' title='bbox 935 2255 1044 2321; x_wconf 89' lang='lat' dir='ltr'><strong>istum.</strong></span> <span class='ocrx_word' id='word_1_139' title='bbox 1088 2255 1155 2323; x_wconf 89' lang='grc' dir='ltr'><strong>ΤΗ.</strong></span> <span class='ocrx_word' id='word_1_140' title='bbox 1193 2255 1302 2340; x_wconf 85' lang='lat' dir='ltr'><strong>(Illum</strong></span> <span class='ocrx_word' id='word_1_141' title='bbox 1330 2260 1368 2321; x_wconf 88' lang='lat' dir='ltr'><strong>ut</strong></span> 
     </span>
     <span class='ocr_line' id='line_1_17' title="bbox 231 2373 1367 2460; baseline 0.001 -19"><span class='ocrx_word' id='word_1_142' title='bbox 231 2375 394 2459; x_wconf 70' lang='lat' dir='ltr'><strong>mittamt)</strong></span> <span class='ocrx_word' id='word_1_143' title='bbox 420 2373 520 2441; x_wconf 73' lang='lat' dir='ltr'><strong>&#39;viden</strong></span> <span class='ocrx_word' id='word_1_144' title='bbox 548 2379 587 2441; x_wconf 87' lang='lat' dir='ltr'><strong>ut</strong></span> <span class='ocrx_word' id='word_1_145' title='bbox 610 2379 699 2441; x_wconf 81' lang='lat' dir='ltr'><strong>estet</strong></span> <span class='ocrx_word' id='word_1_146' title='bbox 724 2374 882 2460; x_wconf 74' lang='lat' dir='ltr'><strong>furcifer?</strong></span> <span class='ocrx_word' id='word_1_147' title='bbox 933 2375 995 2444; x_wconf 85' lang='lat' dir='ltr'><strong>CA.</strong></span> <span class='ocrx_word' id='word_1_148' title='bbox 1031 2376 1168 2456; x_wconf 85' lang='lat' dir='ltr'><strong>Tremo,</strong></span> <span class='ocrx_word' id='word_1_149' title='bbox 1213 2376 1241 2441; x_wconf 90' lang='lat' dir='ltr'><strong>si</strong></span> <span class='ocrx_word' id='word_1_150' title='bbox 1269 2376 1367 2460; x_wconf 85' lang='lat' dir='ltr'><strong>sepis,</strong></span> 
     </span>
     <span class='ocr_line' id='line_1_18' title="bbox 232 2486 1367 2590; baseline 0.001 -30"><span class='ocrx_word' id='word_1_151' title='bbox 232 2495 372 2579; x_wconf 79' lang='lat' dir='ltr'><strong>quiesce.</strong></span> <span class='ocrx_word' id='word_1_152' title='bbox 405 2486 473 2561; x_wconf 83' lang='lat' dir='ltr'><strong>TH.</strong></span> <span class='ocrx_word' id='word_1_153' title='bbox 503 2495 553 2561; x_wconf 82' lang='lat' dir='ltr'><strong>Tu</strong></span> <span class='ocrx_word' id='word_1_154' title='bbox 575 2495 705 2578; x_wconf 86' lang='lat' dir='ltr'><strong>quiesce</strong></span> <span class='ocrx_word' id='word_1_155' title='bbox 720 2495 813 2590; x_wconf 75' lang='lat' dir='ltr'><strong>¹lmnc</strong></span> <span class='ocrx_word' id='word_1_156' title='bbox 826 2518 897 2564; x_wconf 89' lang='lat' dir='ltr'><strong>rem</strong></span> <span class='ocrx_word' id='word_1_157' title='bbox 910 2496 1006 2563; x_wconf 90' lang='lat' dir='ltr'><strong>modo</strong></span> <span class='ocrx_word' id='word_1_158' title='bbox 1021 2496 1153 2562; x_wconf 77' lang='lat' dir='ltr'><strong>Petere:</strong></span> <span class='ocrx_word' id='word_1_159' title='bbox 1184 2517 1245 2581; x_wconf 85' lang='lat' dir='ltr'><strong>ego</strong></span> <span class='ocrx_word' id='word_1_160' title='bbox 1266 2496 1367 2577; x_wconf 87' lang='lat' dir='ltr'><strong>illum,</strong></span> 
     </span>
     <span class='ocr_line' id='line_1_19' title="bbox 229 2615 1367 2700; baseline 0 -18"><span class='ocrx_word' id='word_1_161' title='bbox 229 2622 268 2682; x_wconf 89' lang='lat' dir='ltr'><strong>ut</strong></span> <span class='ocrx_word' id='word_1_162' title='bbox 290 2616 333 2682; x_wconf 86' lang='lat' dir='ltr'><strong>sit</strong></span> <span class='ocrx_word' id='word_1_163' title='bbox 354 2616 494 2700; x_wconf 89' lang='lat' dir='ltr'><strong>quietus,</strong></span> <span class='ocrx_word' id='word_1_164' title='bbox 516 2615 707 2683; x_wconf 82' lang='lat' dir='ltr'><strong>verberibus</strong></span> <span class='ocrx_word' id='word_1_165' title='bbox 728 2622 1004 2699; x_wconf 66' lang='lat' dir='ltr'><strong>subruere—52.</strong></span> <span class='ocrx_word' id='word_1_166' title='bbox 1027 2623 1136 2684; x_wconf 81' lang='lat' dir='ltr'><strong>Persa.</strong></span> <span class='ocrx_word' id='word_1_167' title='bbox 1161 2621 1216 2683; x_wconf 84' lang='grc'><strong>40.</strong></span> <span class='ocrx_word' id='word_1_168' title='bbox 1238 2618 1367 2683; x_wconf 88' lang='lat' dir='ltr'><strong>Amoris</strong></span> 
     </span>
     <span class='ocr_line' id='line_1_20' title="bbox 229 2736 1367 2822; baseline 0 -20"><span class='ocrx_word' id='word_1_169' title='bbox 229 2736 317 2817; x_wconf 81' lang='lat' dir='ltr'><strong>vitio,</strong></span> <span class='ocrx_word' id='word_1_170' title='bbox 339 2757 405 2803; x_wconf 89' lang='lat' dir='ltr'><strong>non</strong></span> <span class='ocrx_word' id='word_1_171' title='bbox 425 2756 497 2803; x_wconf 88' lang='lat' dir='ltr'><strong>meo</strong></span> <span class='ocrx_word' id='word_1_172' title='bbox 513 2759 599 2803; x_wconf 88' lang='lat' dir='ltr'><strong>nunc</strong></span> <span class='ocrx_word' id='word_1_173' title='bbox 615 2736 676 2802; x_wconf 87' lang='lat' dir='ltr'><strong>tibi</strong></span> <span class='ocrx_word' id='word_1_174' title='bbox 691 2739 876 2821; x_wconf 85' lang='lat' dir='ltr'><strong>morologus</strong></span> <span class='ocrx_word' id='word_1_175' title='bbox 891 2737 943 2803; x_wconf 89' lang='lat' dir='ltr'><strong>fio.</strong></span> <span class='ocrx_word' id='word_1_176' title='bbox 966 2737 1026 2803; x_wconf 80' lang='lat' dir='ltr'><strong>SA.</strong></span> <span class='ocrx_word' id='word_1_177' title='bbox 1049 2739 1094 2804; x_wconf 87' lang='lat' dir='ltr'><strong>At</strong></span> <span class='ocrx_word' id='word_1_178' title='bbox 1109 2737 1239 2822; x_wconf 82' lang='lat' dir='ltr'><strong>polege</strong></span> <span class='ocrx_word' id='word_1_179' title='bbox 1257 2758 1317 2821; x_wconf 86' lang='lat' dir='ltr'><strong>eps</strong></span> <span class='ocrx_word' id='word_1_180' title='bbox 1333 2741 1367 2802; x_wconf 93' lang='lat' dir='ltr'><strong>te</strong></span> 
     </span>
     <span class='ocr_line' id='line_1_21' title="bbox 231 2855 1365 2925; baseline 0.002 -4"><span class='ocrx_word' id='word_1_181' title='bbox 231 2877 420 2923; x_wconf 81' lang='lat' dir='ltr'><strong>concessero.</strong></span> <span class='ocrx_word' id='word_1_182' title='bbox 465 2857 528 2925; x_wconf 89' lang='grc' dir='ltr'><strong>ΤΟ.</strong></span> <span class='ocrx_word' id='word_1_183' title='bbox 571 2857 683 2923; x_wconf 86' lang='lat' dir='ltr'><strong>Iomne</strong></span> <span class='ocrx_word' id='word_1_184' title='bbox 715 2858 807 2924; x_wconf 76' lang='lat' dir='ltr'><strong>ubis?</strong></span> <span class='ocrx_word' id='word_1_185' title='bbox 843 2857 926 2924; x_wconf 84' lang='lat' dir='ltr'><strong>bene</strong></span> <span class='ocrx_word' id='word_1_186' title='bbox 954 2855 1130 2922; x_wconf 85' lang='lat' dir='ltr'><strong>embuluto.</strong></span> <span class='ocrx_word' id='word_1_187' title='bbox 1152 2893 1196 2905; x_wconf 93' lang='lat'>-</span> <span class='ocrx_word' id='word_1_188' title='bbox 1218 2861 1268 2922; x_wconf 88' lang='lat'><strong>53.</strong></span> <span class='ocrx_word' id='word_1_189' title='bbox 1291 2861 1365 2923; x_wconf 77' lang='lat' dir='ltr'><strong>ibid.</strong></span> 
     </span>
     <span class='ocr_line' id='line_1_22' title="bbox 231 2975 1366 3057; baseline 0.002 -16"><span class='ocrx_word' id='word_1_190' title='bbox 231 2981 305 3043; x_wconf 83' lang='grc'><strong>135.</strong></span> <span class='ocrx_word' id='word_1_191' title='bbox 349 2977 429 3042; x_wconf 88' lang='grc' dir='ltr'><strong>Τιι5’</strong></span> <span class='ocrx_word' id='word_1_192' title='bbox 451 2977 542 3044; x_wconf 77' lang='lat' dir='ltr'><strong>illem</strong></span> <span class='ocrx_word' id='word_1_193' title='bbox 563 2978 708 3043; x_wconf 77' lang='lat' dir='ltr'><strong>vendas?</strong></span> <span class='ocrx_word' id='word_1_194' title='bbox 752 2977 816 3044; x_wconf 88' lang='grc' dir='ltr'><strong>ΤΟ.</strong></span> <span class='ocrx_word' id='word_1_195' title='bbox 843 2977 946 3042; x_wconf 91' lang='lat' dir='ltr'><strong>Immo</strong></span> <span class='ocrx_word' id='word_1_196' title='bbox 972 2975 1073 3042; x_wconf 82' lang='lat' dir='ltr'><strong>elium</strong></span> <span class='ocrx_word' id='word_1_197' title='bbox 1093 2982 1280 3057; x_wconf 70' lang='lat' dir='ltr'><strong>odicococro</strong></span> <span class='ocrx_word' id='word_1_198' title='bbox 1303 2978 1366 3057; x_wconf 92' lang='lat' dir='ltr'><strong>Qui</strong></span> 
     </span>
     <span class='ocr_line' id='line_1_23' title="bbox 230 3095 1365 3183; baseline 0.001 -21"><span class='ocrx_word' id='word_1_199' title='bbox 230 3097 365 3178; x_wconf 81' lang='lat' dir='ltr'><strong>vendet,</strong></span> <span class='ocrx_word' id='word_1_200' title='bbox 394 3098 451 3180; x_wconf 92' lang='lat' dir='ltr'><strong>qui</strong></span> <span class='ocrx_word' id='word_1_201' title='bbox 479 3119 551 3164; x_wconf 89' lang='lat' dir='ltr'><strong>esse</strong></span> <span class='ocrx_word' id='word_1_202' title='bbox 575 3119 610 3166; x_wconf 89' lang='lat' dir='ltr'><strong>se</strong></span> <span class='ocrx_word' id='word_1_203' title='bbox 632 3097 839 3182; x_wconf 81' lang='lat' dir='ltr'><strong>peregrinum</strong></span> <span class='ocrx_word' id='word_1_204' title='bbox 861 3095 1039 3183; x_wconf 77' lang='lat' dir='ltr'><strong>praedicet.</strong></span> <span class='ocrx_word' id='word_1_205' title='bbox 1059 3133 1102 3146; x_wconf 90' lang='lat'><em>-</em></span> <span class='ocrx_word' id='word_1_206' title='bbox 1123 3102 1174 3164; x_wconf 84' lang='lat'><strong>54.</strong></span> <span class='ocrx_word' id='word_1_207' title='bbox 1196 3100 1268 3163; x_wconf 80' lang='lat' dir='ltr'><strong>ibid.</strong></span> <span class='ocrx_word' id='word_1_208' title='bbox 1290 3101 1365 3163; x_wconf 81' lang='lat'><strong>185.</strong></span> 
     </span>
     <span class='ocr_line' id='line_1_24' title="bbox 230 3215 1367 3303; baseline 0 -19"><span class='ocrx_word' id='word_1_209' title='bbox 230 3219 290 3284; x_wconf 90' lang='lat' dir='ltr'><strong>Aio</strong></span> <span class='ocrx_word' id='word_1_210' title='bbox 313 3218 484 3284; x_wconf 84' lang='lat' dir='ltr'><strong>enimvero.</strong></span> <span class='ocrx_word' id='word_1_211' title='bbox 529 3219 592 3284; x_wconf 89' lang='grc' dir='ltr'><strong>ΤΟ.</strong></span> <span class='ocrx_word' id='word_1_212' title='bbox 616 3218 702 3298; x_wconf 83' lang='lat' dir='ltr'><strong>Quid</strong></span> <span class='ocrx_word' id='word_1_213' title='bbox 723 3238 784 3303; x_wconf 83' lang='lat' dir='ltr'><strong>ego</strong></span> <span class='ocrx_word' id='word_1_214' title='bbox 807 3217 900 3284; x_wconf 77' lang='lat' dir='ltr'><strong>dixi?</strong></span> <span class='ocrx_word' id='word_1_215' title='bbox 940 3215 1032 3284; x_wconf 83' lang='lat' dir='ltr'><strong>PAE.</strong></span> <span class='ocrx_word' id='word_1_216' title='bbox 1061 3217 1130 3302; x_wconf 75' lang='lat' dir='ltr'><strong>Ego</strong></span> <span class='ocrx_word' id='word_1_217' title='bbox 1152 3222 1242 3284; x_wconf 86' lang='lat' dir='ltr'><strong>reete</strong></span> <span class='ocrx_word' id='word_1_218' title='bbox 1264 3223 1367 3303; x_wconf 80' lang='lat' dir='ltr'><strong>aput</strong></span> 
     </span>
     <span class='ocr_line' id='line_1_25' title="bbox 228 3333 1366 3424; baseline 0.002 -22"><span class='ocrx_word' id='word_1_219' title='bbox 228 3337 347 3404; x_wconf 85' lang='lat' dir='ltr'><strong>illem</strong></span> <span class='ocrx_word' id='word_1_220' title='bbox 385 3343 505 3405; x_wconf 80' lang='lat' dir='ltr'><strong>dixero.</strong></span> <span class='ocrx_word' id='word_1_221' title='bbox 535 3377 578 3388; x_wconf 93' lang='grc'><strong>-</strong></span> <span class='ocrx_word' id='word_1_222' title='bbox 607 3346 658 3406; x_wconf 92' lang='grc'><strong>55.</strong></span> <span class='ocrx_word' id='word_1_223' title='bbox 688 3343 761 3406; x_wconf 76' lang='lat' dir='ltr'><strong>itio.</strong></span> <span class='ocrx_word' id='word_1_224' title='bbox 799 3343 875 3408; x_wconf 83' lang='grc'><strong>240.</strong></span> <span class='ocrx_word' id='word_1_225' title='bbox 920 3333 1006 3419; x_wconf 82' lang='lat' dir='ltr'><strong>Quid</strong></span> <span class='ocrx_word' id='word_1_226' title='bbox 1040 3337 1116 3404; x_wconf 88' lang='lat' dir='ltr'><strong>istic</strong></span> <span class='ocrx_word' id='word_1_227' title='bbox 1151 3339 1366 3424; x_wconf 78' lang='lat' dir='ltr'><strong>scriptumst?</strong></span> 
     </span>
     <span class='ocr_line' id='line_1_26' title="bbox 229 3448 1366 3545; baseline 0.004 -21"><span class='ocrx_word' id='word_1_228' title='bbox 229 3448 326 3524; x_wconf 78' lang='lat' dir='ltr'><strong>quta</strong></span> <span class='ocrx_word' id='word_1_229' title='bbox 347 3463 466 3540; x_wconf 88' lang='lat' dir='ltr'><strong>tecum,</strong></span> <span class='ocrx_word' id='word_1_230' title='bbox 489 3459 518 3526; x_wconf 93' lang='lat' dir='ltr'><strong>si</strong></span> <span class='ocrx_word' id='word_1_231' title='bbox 538 3463 576 3526; x_wconf 90' lang='lat' dir='ltr'><strong>tu</strong></span> <span class='ocrx_word' id='word_1_232' title='bbox 589 3460 704 3541; x_wconf 90' lang='lat' dir='ltr'><strong>nescis,</strong></span> <span class='ocrx_word' id='word_1_233' title='bbox 726 3461 852 3545; x_wconf 85' lang='lat' dir='ltr'><strong>nescio:</strong></span> <span class='ocrx_word' id='word_1_234' title='bbox 874 3459 945 3526; x_wconf 90' lang='lat' dir='ltr'><strong>Nisi</strong></span> <span class='ocrx_word' id='word_1_235' title='bbox 958 3459 1100 3526; x_wconf 81' lang='lat' dir='ltr'><strong>fortusse</strong></span> <span class='ocrx_word' id='word_1_236' title='bbox 1115 3457 1238 3525; x_wconf 82' lang='lat' dir='ltr'><strong>blundo</strong></span> <span class='ocrx_word' id='word_1_237' title='bbox 1256 3459 1366 3528; x_wconf 81' lang='lat' dir='ltr'><strong>verba.</strong></span> 
     </span>
     <span class='ocr_line' id='line_1_27' title="bbox 231 3578 1365 3664; baseline -0.001 -20"><span class='ocrx_word' id='word_1_238' title='bbox 231 3585 280 3647; x_wconf 90' lang='lat'><strong>50.</strong></span> <span class='ocrx_word' id='word_1_239' title='bbox 310 3578 390 3645; x_wconf 86' lang='lat' dir='ltr'><strong>Abi:</strong></span> <span class='ocrx_word' id='word_1_240' title='bbox 427 3583 462 3646; x_wconf 86' lang='lat' dir='ltr'><strong>et</strong></span> <span class='ocrx_word' id='word_1_241' title='bbox 491 3601 551 3664; x_wconf 85' lang='lat' dir='ltr'><strong>ego</strong></span> <span class='ocrx_word' id='word_1_242' title='bbox 581 3585 696 3647; x_wconf 80' lang='lat' dir='ltr'><strong>obiero.</strong></span> <span class='ocrx_word' id='word_1_243' title='bbox 740 3580 833 3646; x_wconf 84' lang='lat' dir='ltr'><strong>PAE.</strong></span> <span class='ocrx_word' id='word_1_244' title='bbox 863 3578 1013 3647; x_wconf 83' lang='lat' dir='ltr'><strong>Ambulu.</strong></span> <span class='ocrx_word' id='word_1_245' title='bbox 1038 3617 1077 3628; x_wconf 93' lang='lat'><strong>·-</strong></span> <span class='ocrx_word' id='word_1_246' title='bbox 1102 3583 1152 3646; x_wconf 87' lang='grc'><strong>56.</strong></span> <span class='ocrx_word' id='word_1_247' title='bbox 1182 3585 1255 3647; x_wconf 79' lang='lat' dir='ltr'><strong>ibid.</strong></span> <span class='ocrx_word' id='word_1_248' title='bbox 1287 3583 1365 3644; x_wconf 84' lang='lat'><strong>290.</strong></span> 
     </span>
     <span class='ocr_line' id='line_1_28' title="bbox 229 3697 1365 3790; baseline 0.001 -27"><span class='ocrx_word' id='word_1_249' title='bbox 229 3698 374 3765; x_wconf 77' lang='lat' dir='ltr'><strong>Tandem</strong></span> <span class='ocrx_word' id='word_1_250' title='bbox 395 3704 434 3766; x_wconf 87' lang='lat' dir='ltr'><strong>ut</strong></span> <span class='ocrx_word' id='word_1_251' title='bbox 452 3699 552 3766; x_wconf 86' lang='lat' dir='ltr'><strong>liceut</strong></span> <span class='ocrx_word' id='word_1_252' title='bbox 576 3701 681 3780; x_wconf 89' lang='lat' dir='ltr'><strong>Quom</strong></span> <span class='ocrx_word' id='word_1_253' title='bbox 703 3699 888 3790; x_wconf 70' lang='lat' dir='ltr'><strong>semesis,</strong></span> <span class='ocrx_word' id='word_1_254' title='bbox 909 3719 1036 3767; x_wconf 86' lang='lat' dir='ltr'><strong>servom</strong></span> <span class='ocrx_word' id='word_1_255' title='bbox 1057 3698 1119 3766; x_wconf 88' lang='lat' dir='ltr'><strong>tibi</strong></span> <span class='ocrx_word' id='word_1_256' title='bbox 1141 3698 1227 3765; x_wconf 85' lang='lat' dir='ltr'><strong>male</strong></span> <span class='ocrx_word' id='word_1_257' title='bbox 1248 3697 1365 3765; x_wconf 89' lang='lat' dir='ltr'><strong>dicere.</strong></span> 
     </span>
     <span class='ocr_line' id='line_1_29' title="bbox 230 3818 1366 3905; baseline 0.002 -20"><span class='ocrx_word' id='word_1_258' title='bbox 230 3820 290 3885; x_wconf 82' lang='lat' dir='ltr'><strong>sA.</strong></span> <span class='ocrx_word' id='word_1_259' title='bbox 307 3820 423 3886; x_wconf 82' lang='grc'><strong>145551</strong></span> <span class='ocrx_word' id='word_1_260' title='bbox 444 3826 566 3905; x_wconf 79' lang='lat' dir='ltr'><strong>specto,</strong></span> <span class='ocrx_word' id='word_1_261' title='bbox 588 3819 695 3900; x_wconf 86' lang='lat' dir='ltr'><strong>Quid</strong></span> <span class='ocrx_word' id='word_1_262' title='bbox 717 3821 883 3900; x_wconf 78' lang='lat' dir='ltr'><strong>dederol).</strong></span> <span class='ocrx_word' id='word_1_263' title='bbox 906 3820 1000 3886; x_wconf 85' lang='lat' dir='ltr'><strong>PAE.</strong></span> <span class='ocrx_word' id='word_1_264' title='bbox 1019 3818 1090 3886; x_wconf 82' lang='lat' dir='ltr'><strong>Nil:</strong></span> <span class='ocrx_word' id='word_1_265' title='bbox 1109 3818 1366 3887; x_wconf 83' lang='lat' dir='ltr'><strong>nemrilhebes.</strong></span> 
     </span>
    </p>
   </div>
   <div class='ocr_carea' id='block_1_7' title="bbox 229 3979 434 3990">
    <p class='ocr_par' dir='ltr' id='par_1_7' title="bbox 229 3979 434 3990">
     <span class='ocr_line' id='line_1_30' title="bbox 229 3979 434 3990; baseline 0 0"><span class='ocrx_word' id='word_1_266' title='bbox 229 3979 434 3990; x_wconf 47' lang='grc' dir='ltr'>-ᾑ-ι-</span> 
     </span>
    </p>
   </div>
   <div class='ocr_carea' id='block_1_8' title="bbox 317 4076 1364 4152">
    <p class='ocr_par' dir='ltr' id='par_1_8' title="bbox 317 4076 1364 4152">
     <span class='ocr_line' id='line_1_31' title="bbox 317 4076 1364 4152; baseline -0.003 -16"><span class='ocrx_word' id='word_1_267' title='bbox 317 4081 343 4149; x_wconf 78' lang='grc'><strong>1)</strong></span> <span class='ocrx_word' id='word_1_268' title='bbox 361 4079 453 4138; x_wconf 73' lang='lat' dir='ltr'><strong>utum</strong></span> <span class='ocrx_word' id='word_1_269' title='bbox 472 4079 526 4138; x_wconf 87' lang='lat' dir='ltr'><strong>hoc</strong></span> <span class='ocrx_word' id='word_1_270' title='bbox 544 4078 697 4152; x_wconf 83' lang='lat' dir='ltr'><strong>exemplum</strong></span> <span class='ocrx_word' id='word_1_271' title='bbox 715 4079 751 4136; x_wconf 75' lang='lat' dir='ltr'><strong>od</strong></span> <span class='ocrx_word' id='word_1_272' title='bbox 769 4077 911 4135; x_wconf 67' lang='lat' dir='ltr'><strong>enuntiet·</strong></span> <span class='ocrx_word' id='word_1_273' title='bbox 924 4077 1059 4148; x_wconf 76' lang='lat' dir='ltr'><strong>simplicis</strong></span> <span class='ocrx_word' id='word_1_274' title='bbox 1072 4076 1178 4134; x_wconf 81' lang='lat' dir='ltr'><strong>referre</strong></span> <span class='ocrx_word' id='word_1_275' title='bbox 1191 4094 1247 4135; x_wconf 88' lang='lat' dir='ltr'><strong>non</strong></span> <span class='ocrx_word' id='word_1_276' title='bbox 1256 4079 1364 4135; x_wconf 85' lang='lat' dir='ltr'><strong>dubito.</strong></span> 
     </span>
    </p>
   </div>
   <div class='ocr_carea' id='block_1_9' title="bbox 0 0 1608 4916">
    <p class='ocr_par' dir='ltr' id='par_1_9' title="bbox 0 0 1608 4916">
     <span class='ocr_line' id='line_1_32' title="bbox 0 0 1608 4916; baseline 0 1"><span class='ocrx_word' id='word_1_277' title='bbox 0 0 1608 4916; x_wconf 95' lang='lat' dir='ltr'><strong> </strong></span> 
     </span>
    </p>
   </div>
  </div>
 </body>
</html>
