3206 4916
308 926 473 1010 Exemplis
486 948 526 992 ex
538 927 646 994 Plauti
659 928 834 993 comoediis
846 929 1008 1013 congestis
1019 951 1121 1014 pergo
1134 932 1177 997 ad
1188 933 1358 1013 rationem,

223 1067 290 1130 qua
311 1045 560 1113 difficultatibus
579 1047 858 1132 interpretationis
873 1070 1063 1116 succurrere
1082 1050 1278 1118 studuerunt
1299 1053 1360 1119 viri

222 1167 319 1233 docti.
364 1167 407 1232 Et
426 1168 567 1251 primum
588 1167 719 1251 quidem
742 1168 995 1252 Madvigius:
1023 1170 1208 1237 ‘Derivatur
1230 1174 1359 1254 autem',

221 1289 337 1371 inquit,
357 1287 630 1354 ‘omnisbicusus
645 1308 693 1353 ex
715 1308 762 1354 ea
782 1289 1109 1374 significatione
1130 1291 1360 1360 ulterioris

183 1481 186 1488 ,
222 1408 427 1493 temporis
456 1409 670 1489 momenti,
705 1430 803 1493 quam
825 1410 932 1476 inesse
952 1411 988 1476 in
1009 1409 1119 1478 futuro
1138 1417 1254 1479 exacto
1277 1413 1360 1480 dixi·

222 1549 312 1609 mus;
343 1527 501 1594 eiusmodi
523 1529 608 1594 enim
630 1529 785 1595 momenti
808 1531 963 1615 cogitatio
986 1553 1051 1597 non
1080 1554 1158 1599 uno
1187 1532 1283 1598 modo
1311 1533 1359 1599 la-

223 1653 331 1714 tenter
353 1648 497 1714 animum
524 1649 632 1716 subit'.
676 1649 727 1714 Ab
753 1650 816 1716 hae
844 1652 1005 1717 sententia
1030 1652 1197 1737 profectus
1223 1653 1360 1720 ulterius

222 1768 379 1853 temporis
390 1774 588 1835 momentum
601 1768 763 1853 quomodo
780 1771 927 1852 quamvis
944 1771 1107 1854 gradatim
1121 1773 1225 1856 magis
1241 1774 1360 1858 magis·
1491 1823 1493 1830 .
1599 1787 1600 1801 ¹

224 1910 287 1973 que
309 1889 521 1956 obscuratum
544 1889 595 1970 sit,
617 1894 789 1974 appareat,
813 1892 946 1974 exponit
968 1913 1026 1957 sex
1047 1893 1232 1977 praeceptis
1254 1895 1360 1960 bisce:

309 2009 332 2072 l.
355 2009 499 2075 Primum
510 2009 619 2092 igitur,
636 2030 736 2093 quum
752 2009 848 2094 vulgo
864 2009 975 2076 futuro
990 2016 1106 2078 exacto
1122 2013 1361 2110 significaretur

224 2127 358 2194 effectus
379 2129 413 2194 in
433 2150 482 2210 re,
514 2150 598 2212 quae
621 2137 905 2212 commemoretur,
934 2132 1029 2198 simul
1054 2133 1214 2214 inclusus,
1245 2135 1360 2200 comici

224 2248 353 2314 omnino
382 2249 416 2314 in
446 2255 564 2316 eventu
594 2250 741 2316 fructure
770 2251 819 2317 rei
841 2252 954 2336 (etiam
987 2254 1210 2340 consequenti)
1230 2255 1361 2339 praedi-

89 2459 90 2463 *
223 2368 327 2434 cando
357 2369 415 2434 illa
443 2369 549 2436 forma
570 2371 662 2438 verbi
691 2376 844 2453 utuntur,
875 2374 963 2457 quod
990 2375 1024 2439 in
1056 2373 1143 2440 omni
1175 2375 1361 2442 huiusmodi

223 2489 371 2555 oratione
392 2490 465 2556 finis
488 2490 626 2556 aetionis
648 2491 695 2556 sic
715 2492 899 2577 respicitur,
921 2498 959 2560 ut
982 2494 1068 2560 actio
1087 2495 1121 2560 in
1138 2495 1249 2562 futuro
1265 2517 1360 2580 prae·

222 2609 322 2675 terite
344 2610 446 2674 menti
472 2609 672 2678 obversetur.
717 2613 771 2677 Sic
797 2612 942 2680 Plautus.
989 2619 1038 2680 31.
1062 2615 1187 2694 Quibus
1215 2616 1250 2680 in
1279 2614 1360 2681 locis
1392 2595 1399 2606 ’

226 2750 324 2814 quam
347 2730 463 2814 exiguo
485 2729 549 2796 fine
572 2730 725 2800 afuturo
747 2731 885 2818 simplici
907 2734 1008 2800 distet
1030 2740 1180 2802 exactum
1204 2756 1244 2800 ex
1267 2741 1296 2800 4.
1311 2734 1360 2799 in-

227 2850 338 2934 tellegi
359 2851 514 2937 potestl).
531 2853 625 2918 -ΙΙ,
639 2853 773 2933 Deinde,
796 2857 834 2918 ut
847 2853 886 2919 fit
901 2855 1052 2939 analogia
1072 2856 1232 2936 trahente,
1254 2862 1360 2922 trans·

224 2971 329 3038 fertur
347 2971 494 3037 futurum
517 2977 669 3040 exactum
692 2973 737 3039 ad
759 2973 1005 3058 significandam
1028 2997 1097 3042 rem
1119 2997 1184 3042 non
1206 2977 1240 3041 in
1256 2976 1362 3044 altera

195 3071 395 3172 inclusam,
426 3091 483 3158 sed
508 3113 592 3176 quae
613 3114 674 3178 per
697 3115 732 3160 se
755 3094 851 3160 simul
870 3094 942 3160 fieri
963 3095 1082 3179 possit,
1113 3096 1147 3160 in
1178 3116 1243 3178 quo
1264 3116 1360 3178 prae-

178 3249 179 3254 κ
225 3211 316 3277 teriti
337 3213 426 3278 notio
446 3213 551 3297 magis
578 3215 644 3279 iam
672 3215 882 3295 obscuratur,
911 3214 974 3279 nisi
1000 3214 1088 3296 quod
1115 3214 1198 3279 haec
1225 3213 1360 3280 alterius
1434 3299 1447 3322 ο

222 3331 310 3398 illius
332 3333 469 3402 eodonis
491 3339 525 3398 et
546 3334 726 3400 occasionis
746 3335 853 3418 spatio
877 3333 1027 3400 absoluta
1043 3333 1113 3400 iore
1130 3332 1267 3400 videtur.
1289 3335 1361 3401 Hoc

224 3473 326 3536 genus
355 3452 508 3536 frequens
538 3459 589 3521 est
618 3455 652 3520 in
678 3454 842 3539 particula
871 3454 1003 3522 ‘eadem'
1029 3454 1117 3540 apud
1144 3455 1296 3522 Plautum
1321 3461 1357 3520 11

227 3579 276 3638 17.
299 3579 350 3640 48.
372 3578 422 3638 62.
446 3611 486 3623 -
506 3575 562 3640 ΙΠ.
579 3574 766 3642 Proximum
789 3580 848 3656 est,
869 3575 904 3640 in
927 3595 991 3659 quo
1014 3581 1154 3661 apparet
1173 3577 1240 3657 illa,
1263 3597 1361 3659 quam

312 3900 336 3968 l)
368 3900 502 3971 Exempla
532 3918 602 3969 quae
633 3902 788 3971 Madvigius
818 3918 1019 3972 nonnumquam
1057 3901 1173 3972 integris
1197 3903 1289 3958 verbis
1316 3919 1362 3958 ex·

225 3985 338 4054 scripsit
354 3994 479 4055 repetere
496 3988 570 4056 nolo,
588 4003 677 4056 neque
694 3987 740 4043 bic
758 4005 848 4057 neque
864 3987 953 4058 infre3
975 3988 1041 4054 satie
1058 3987 1144 4058 hebui
1161 3989 1282 4056 numeris
1301 3989 1317 4060 5
1337 3989 1349 4041 l

225 4070 326 4144 additis
344 4073 470 4162 exempla
490 4073 645 4148 denotasse,
947 4065 948 4069 ’
1303 4063 1307 4072 '
