3206 4916
726 419 941 481 ..18-

269 591 339 652 555.
388 585 482 650 Nunc
519 591 629 651 11111111
655 587 782 653 interca
816 585 858 653 ad
896 587 970 652 med
999 587 1064 652 huc
1092 587 1228 652 invisam
1258 586 1398 653 domum.

267 708 361 773 Most.
385 712 457 773 083.
501 707 570 790 Ego
593 707 647 772 1111
668 709 839 793 tantisper,
862 707 938 773 dum
961 709 1039 788 exis,
1060 713 1094 773 te
1117 708 1277 792 opperiar.
1321 707 1398 773 ibid.

269 833 361 894 1094.
406 828 475 911 Ego
497 827 627 893 interim
651 848 742 893 aram
766 827 851 893 hanc
874 827 1050 913 occupabo.
1094 829 1191 893 Poon.
1212 834 1285 894 411.
1329 829 1398 913 Ego

264 949 352 1014 intus
374 948 504 1013 interim
532 953 625 1013 tuum
648 947 813 1013 exornabo
842 947 981 1014 vilicum.
1026 948 1119 1013 Trnc.
1142 953 1214 1015 209.
1259 949 1329 1033 Ego
1350 949 1398 1013 in·

265 1068 361 1134 terim
383 1068 438 1133 hic
463 1067 552 1152 apud
579 1088 636 1133 vos
657 1067 840 1151 opperibor.
883 1066 962 1133 ibid
986 1073 1057 1133 715.
1102 1068 1171 1152 Ego
1193 1068 1325 1134 interim
1344 1069 1397 1134 hic

266 1189 328 1273 (ita
346 1188 437 1273 libri)
524 1187 728 1272 praesidebo.
751 1226 794 1236 -
813 1188 978 1272 Exemplis
994 1193 1103 1253 antem
1122 1208 1207 1271 quae
1226 1193 1303 1254 sunt
1324 1189 1397 1254 ‘huc

265 1309 463 1374 conoessero'
495 1313 528 1374 et
551 1307 669 1373 similia
698 1328 826 1392 oppono
854 1308 953 1374 haec:
982 1308 1216 1390 Β11111.·610.ἱ
1246 1308 1311 1374 Sed
1332 1309 1396 1375 huo

265 1429 450 1494 concedam.
495 1428 566 1494 Cas.
590 1432 661 1494 330.
706 1430 749 1494 At
769 1429 837 1493 iam
856 1428 1031 1494 concedam
1053 1430 1133 1494 huc:
1156 1427 1253 1494 audio
1275 1429 1395 1513 aperiri

263 1548 350 1614 iores
373 1548 458 1614 Hinc
486 1569 526 1613 ex
547 1548 673 1614 insidiis
700 1548 790 1614 hisce
820 1569 880 1633 ego
908 1547 1044 1615 insidias
1065 1549 1160 1615 dabo.
1204 1548 1298 1632 Epid.
1325 1553 1395 1615 103.

263 1668 336 1735 Huc
358 1668 550 1734 concedam..
586 1669 776 1736 11111429.
821 1669 1003 1764 Concedam
1027 1688 1048 1733 a
1072 1668 1197 1735 foribus
1219 1668 1299 1749 huo,
1320 1668 1396 1734 hinc

263 1789 458 1874 speculabor
486 1790 609 1874 procul.
651 1789 730 1858 ibid.
760 1795 831 1855 517.
875 1790 1037 1855 Accedam
1066 1789 1139 1855 hnc.
1176 1787 1291 1854 Pseud.
1322 1793 1394 1854 414.

242 1909 356 1975 'Nunc
376 1910 441 1974 huc
464 1909 640 1975 concedam
659 1914 697 1974 ut
717 1909 835 1974 horum
853 1929 1033 1974 sermonem
1054 1909 1170 1992 legam.
1215 1908 1298 1974 Rud.
1321 1914 1393 1974 480.

263 2029 424 2095 Accedam
446 2028 511 2094 huo
536 2029 579 2094 ad
600 2028 841 2095 foris—llaec
864 2028 1013 2112 exempla
1036 2028 1196 2111 quomodo
1220 2048 1240 2093 a
1260 2033 1311 2094 83.
1334 2027 1395 2093 dif-

261 2149 373 2214 ferant
391 2153 493 2227 (lubet
514 2131 679 2214 observare
701 2153 777 2229 qaid
797 2157 888 2230 aaut,
915 2154 975 2214 bac
997 2156 1196 2227 concessero)
1222 2168 1287 2213 non
1314 2149 1394 2213 satis

259 2268 423 2352 intellego.
467 2269 583 2353 Itaque
608 2269 663 2336 six
684 2269 822 2334 refutari
852 2269 990 2353 poterit,
1020 2268 1077 2353 qui
1104 2268 1280 2334 contendat
1301 2268 1393 2333 Mad-

259 2390 409 2474 vigianae
431 2391 567 2456 rationis
589 2389 816 2456 necessitatem
831 2410 903 2455 esse
923 2389 1055 2470 nullam,
1078 2409 1151 2454 cum
1166 2385 1295 2474 'ubique
1317 2389 1393 2454 sim-

260 2509 354 2594 plicis
374 2509 476 2576 surturi
496 2511 586 2575 notio
609 2515 688 2592 apta
709 2509 760 2575 sit.
781 2548 825 2558 —

344 2630 382 2695 In
409 2631 544 2696 tertio
574 2649 728 2714 genere
758 2629 933 2695 celeritatis
956 2629 1008 2695 vel
1037 2629 1095 2694 ‘rei
1124 2648 1227 2714 paene
1256 2629 1321 2693 iam
1349 2627 1392 2691 ad

262 2750 385 2814 exitum
406 2749 594 2834 perductae'
623 2750 748 2816 notatio
771 2749 888 2834 agitur.
932 2749 1091 2834 Exempla
1113 2753 1189 2815 sunt
1210 2753 1245 2834 7.
1267 2752 1318 2813 44.
1341 2750 1390 2812 51.

261 2876 310 2936 63.
336 2870 385 2936 De
406 2870 728 2956 promittentibus
749 2876 782 2936 et
803 2870 1035 2937 minantibus
1050 2867 1393 2956 haecponitexempla

259 2991 427 3057 Plautina:
453 2998 501 3058 15.
521 2998 572 3059 20.
588 2998 639 3058 22.
658 2997 708 3058 35.
724 2997 774 3057 42.
813 2991 972 3076 Exempla
991 2991 1146 3075 simplicis
1161 2991 1264 3056 futuri
1279 2988 1393 3055 eadem

194 3173 196 3181 ,
258 3111 389 3177 notione
410 3111 546 3196 insignis
566 3111 698 3196 profero
719 3111 819 3176 haec:
849 3110 964 3195 Amph.
977 3115 1048 3176 348.
1079 3108 1149 3190 Ego
1163 3107 1224 3172 tibi
1245 3108 1311 3170 iam
1333 3106 1390 3169 ho·

259 3231 311 3296 dic
334 3231 506 3297 scelestam
528 3232 738 3315 comprimam
759 3229 913 3312 lingnam.
953 3227 1030 3293 ibid.
1064 3230 1135 3290 381.
1175 3224 1284 3289 Etiam
1306 3228 1391 3289 mut-

258 3352 326 3416 1111
369 3352 435 3417 iam
462 3351 589 3417 tacebo.
639 3350 717 3414 ibid.
749 3354 820 3416 543.
865 3347 928 3414 Abi
956 3366 1053 3431 prae,
1085 3343 1188 3410 Sosia.
1231 3343 1303 3410 Iam
1332 3363 1392 3429 ego

261 3491 388 3554 sequar.
432 3471 510 3537 ibid.
533 3477 604 3538 550.
647 3470 717 3535 Iam
747 3468 878 3552 quidem
898 3467 1008 3533 hercle
1030 3486 1091 3552 ego
1112 3466 1175 3533 tibi
1196 3467 1294 3533 istam
1317 3467 1392 3530 Soe-

257 3592 392 3672 lestam,
421 3592 543 3672 scelus,
571 3591 716 3675 linguam
744 3587 920 3655 abscidam.
971 3588 1049 3656 ibid.
1081 3594 1151 3657 779.
1201 3589 1302 3665 Quem
1331 3603 1391 3666 ego

259 3712 325 3777 iam
345 3712 399 3777 hic
422 3711 610 3777 conducam
631 3711 751 3795 palam.
794 3708 872 3775 ibid.
904 3715 976 3777 860.
1019 3709 1089 3774 Iam
1111 3729 1151 3772 ex
1171 3704 1337 3769 Naucrate
1357 3701 1392 3767 id

259 3836 396 3914 cognato
419 3852 612 3917 cognoscam
631 3850 711 3896 meo.
755 3829 833 3896 ibid.
862 3835 954 3896 1030.
999 3830 1100 3906 Quem
1129 3824 1184 3908 pol
1212 3841 1271 3907 ego
1294 3822 1392 3888 hodie

258 3949 301 4015 ob
330 3952 434 4016 istaec
465 3951 553 4017 dicta
582 3951 700 4017 faciam
731 3949 910 4015 ferventem
938 3947 1058 4030 flagris.
1102 3945 1156 4009 As.
1181 3949 1253 4010 607.
1297 3941 1394 4026 Apud

259 4069 378 4135 Orcum
401 4075 435 4134 to
457 4071 591 4137 videbo:
621 4071 704 4135 Nam
730 4069 881 4152 equidem
903 4089 953 4132 1111
975 4067 1040 4131 iam
1062 4070 1220 4148 quantum
1241 4065 1351 4146 potest
1373 4082 1393 4124 a
