3206 4916
668 421 882 493 ..Η-

207 602 389 685 Madvigius
418 603 516 666 etiem
545 597 745 664 differendae
766 615 865 664 ennae
895 617 995 664 ennea
1023 598 1168 665 futurum
1192 601 1341 666 exenium

207 725 301 806 poni,
331 723 470 806 simplex
492 721 637 786 iutmnm
667 721 701 784 ln
723 719 774 784 hie
794 719 925 804 repperi
945 721 1101 803 exemplis
1122 719 1344 804 Madvigiene·

207 863 284 908 rum
306 841 543 926 perelmssibns:
572 839 690 904 Beeeb.
714 844 763 906 97.
801 839 976 923 Opeenebo
997 859 1073 922 ego:
1100 839 1344 923 6666111691-

208 965 292 1029 tium
322 963 380 1043 eit,
409 979 483 1027 mee
511 965 546 1025 te
576 959 682 1043 gratie
705 1009 728 1023 ..
751 958 822 1023 ibid
855 964 926 1024 227.
977 959 1040 1024 Abi
1069 959 1172 1024 intro:
1202 979 1261 1042 ego
1292 959 1346 1024 hie

212 1088 339 1162 ennato,
365 1086 402 1146 tu
422 1083 509 1146 intus
532 1075 640 1145 dieite.
662 1075 740 1144 ibid.
767 1084 857 1144 1153.
887 1078 1011 1144 Teeeae
1099 1097 1159 1162 ego
1173 1079 1261 1162 qnod
1279 1078 1346 1144 dixi

213 1202 368 1271 eeiiciem.
412 1200 504 1285 Epld.
527 1201 600 1265 691.
644 1197 739 1266 Hebe
767 1196 910 1264 animum
938 1199 1074 1279 bonnm,
1101 1219 1161 1283 ego
1182 1199 1272 1264 illem
1294 1216 1346 1264 re·

209 1324 342 1407 periem.
386 1319 465 1386 ihid.
496 1325 568 1386 619.
617 1318 711 1385 Hebe
742 1319 884 1386 animum
913 1318 1050 1384 bonnm:
1074 1369 1102 1388 ..
1126 1337 1186 1403 ego
1215 1325 1249 1384 te
1279 1337 1346 1385 eer-

209 1443 301 1509 vebe.
325 1481 366 1490 —
394 1441 505 1505 Peren.
538 1440 608 1504 320.
653 1439 723 1522 Ego
752 1439 901 1504 reieinm:
924 1439 1016 1504 ¹hnbe
1046 1440 1188 1505 animum
1216 1439 1346 1506 benum.

211 1563 327 1628 Pseud.
351 1539 424 1627 992.
469 1557 521 1624 llil
546 1560 703 1624 eumenis:
732 1557 883 1642 liquide'e
914 1560 1030 1624 animo.
1069 1581 1128 1643 ego
1158 1563 1348 1644 prement

210 1703 272 1766 pre
294 1687 328 1746 te
351 1681 482 1746 enrnbd.
508 1719 548 1727 -
570 1679 649 1744 ibid.
673 1684 744 1762 733.
789 1679 858 1762 Ego
881 1679 976 1758 dabo,
997 1699 1039 1743 ne
1060 1699 1182 1762 quaere
1204 1680 1343 1744 abunde.

211 1839 255 1851 -
275 1801 357 1867 ilud.
380 1806 453 1866 691.
498 1800 616 1866 Sedete
629 1799 801 1879 hiemodo‚
825 1819 886 1883 ego
907 1799 983 1865 hine
998 1819 1055 1864 voe
1077 1804 1187 1864 temen
1201 1799 1364 1865 tutabor.-

214 1961 255 1970 -
282 1921 406 2001 Quibus
429 1920 584 2005 exemplis
610 1919 675 1984 elie
693 1919 770 1985 eddi
792 1924 937 2003 possunt.
981 1919 1131 1985 Concedo
1151 1937 1216 1985 non
1238 1920 1346 1984 omnia

212 2061 283 2108 enee
303 2057 439 2126 prorsus
460 2041 564 2124 peria,
589 2045 700 2110 temen
721 2039 801 2104 nibil
824 2041 969 2120 interest,
992 2044 1101 2139 utinm
1123 2039 1188 2105 duo
1211 2039 1262 2105 vel
1283 2040 1349 2104 trie

211 2164 344 2228 eximas.
389 2161 441 2226 Ab
476 2160 527 2225 bie
561 2157 733 2243 exemplis,
773 2160 801 2224 ei
831 2159 1083 2243 proficiscimur,
1115 2165 1203 2226 terte
1236 2159 1270 2224 id
1301 2161 1349 2224 in-

211 2283 411 2366 tellegimus,
444 2279 599 2363 Madvigii
630 2280 790 2344 rationem
819 2279 1003 2363 explicandi
1032 2297 1093 2363 per
1122 2301 1156 2345 ee
1183 2299 1248 2346 non
1279 2301 1350 2345 esee

217 2401 453 2482 neeeeeen'nm3
483 2420 559 2465 nam
584 2400 745 2464 sententie
773 2399 910 2484 simplex
938 2400 1083 2465 futurum
1113 2400 1272 2479 admittit,
1299 2400 1350 2465 iu-

219 2525 330 2586 turum
355 2526 505 2586 exectum
527 2505 637 2585 nutent
655 2519 809 2604 simplidis
831 2519 896 2585 vim
916 2519 1039 2586 hebere
1060 2541 1156 2606 posse
1177 2521 1248 2605 ipse
1260 2520 1350 2586 Mad-

218 2641 323 2723 vigius
353 2645 467 2706 enetor
491 2644 549 2705 eet.
594 2639 658 2705 ‘ded
680 2638 762 2705 haee
783 2640 956 2722 haetenus,
986 2642 1084 2724 paulo
1106 2646 1181 2726 post
1203 2641 1246 2706 ad
1267 2640 1352 2706 hanc

217 2761 444 2842 quaestionem
466 2755 589 2826 redibo.
615 2792 658 2810 -·-

305 2879 500 2946 Transeunt
535 2879 614 2945 mihi
644 2879 687 2946 ad
716 2885 912 2962 qnnrtum
942 2878 1099 2962 Madvigii
1126 2899 1257 2964 genus
1284 2879 1352 2944 fere

219 2999 305 3064 idem
321 2998 491 3064 dicendum
506 3000 643 3080 videtur,
666 2999 754 3082 qnod
776 2999 816 3065 de
838 3000 960 3084 quinto.
990 2999 1079 3065 Dieit
1101 3000 1186 3065 enlm
1206 3000 1352 3066 fututum

219 3125 370 3185 exnetum
390 3121 468 3204 poni
482 3120 523 3186 de
545 3135 594 3201 eo,
617 3120 705 3205 quod
723 3120 796 3204 quis
817 3120 957 3201 interim,
980 3119 1058 3190 dum
1072 3120 1161 3186 eliud
1184 3120 1263 3204 quid
1285 3120 1353 3203 det,

216 3239 544 3324 aliquantisper
573 3239 683 3305 leniet.
729 3239 814 3305 Hnie
837 3240 947 3323 generi
970 3245 1095 3325 septem
1117 3241 1206 3307 lotoe
1228 3243 1352 3308 Pleuti-

218 3379 279 3422 noe
302 3361 425 3425 addicit
446 3361 511 3443 (10.
536 3365 585 3427 29.
600 3361 624 3444 ¹)
647 3365 698 3425 41.
721 3365 772 3425 45.
796 3365 846 3426 66.
867 3365 918 3426 80.
941 3363 1006 3446 93).
1051 3361 1209 3446 Exempla
1229 3363 1352 3446 simpli-

221 3478 268 3542 cis
290 3478 394 3543 futuri
415 3479 496 3545 haee
519 3497 751 3546 commemoro:
784 3480 876 3548 (iure.
899 3487 971 3550 496.
1003 3482 1088 3546 Dum
1110 3482 1164 3548 hie
1186 3482 1354 3567 egreditur

216 3597 316 3680 ierne,
340 3600 610 3666 eommonstrabo.
646 3599 730 3666 Men.
752 3607 825 3668 499.
858 3601 929 3667 Hoe
950 3603 1221 3686 ponaminterim.
1254 3601 1352 3666 Mero.

286 3911 311 3979 1)
326 3908 415 3965 Addit
432 3909 602 3978 Madvigius:
629 3909 691 3967 ‘etei
708 3909 747 3963 ibi
765 3924 819 3962 non
838 3916 893 3963 tam
912 3908 965 3963 boc
990 3908 1064 3965 dieit'
1080 3907 1175 3962 ‘ebibo
1201 3908 1356 3988 paulisper’

217 4007 299 4060 quam
320 3992 373 4048 hoc
387 3994 470 4048 ‘nune
488 3995 579 4065 abibo,
597 3995 646 4052 sed
664 3999 727 4064 poet
745 3991 857 4048 redibo‘.
887 3993 965 4060 Quod
983 3994 1026 4048 vix
1044 3999 1120 4048 recte
1136 3993 1291 4052 intellexit:
1322 3997 1356 4051 de

214 4079 356 4132 redeundo
375 4095 424 4133 cur
442 4081 586 4150 cogitetur,
604 4099 657 4138 non
677 4095 820 4148 assequor.

1128 4171 1144 4220 2
