3206 4916
695 425 909 484 „21„.

236 591 331 671 cebo,
359 613 444 675 quae
467 583 527 674 ego
550 592 625 656 seio.
669 591 736 655 Mil.
766 597 836 658 303.
881 591 1005 656 Eadem
1032 593 1077 656 illi
1106 592 1241 657 insidias
1272 591 1367 665 daho.

235 712 427 778 Peon-710.
461 711 584 778 Eadem
605 711 748 777 narrabo
762 711 824 777 tibi
844 732 897 776 ree
912 709 1136 796 Spartiaticas.
1173 711 1271 780 Stich.
1295 718 1367 780 438.

235 831 359 897 Eadem
388 833 567 898 sumbolam
596 831 682 897 dabo
712 836 746 896 et
772 830 894 898 iubebo
923 832 1027 915 coqui.
1087 831 1204 916 Liquet
1232 831 1368 898 eandem

140 953 143 959 ’
234 951 395 1017 rationem
416 952 450 1016 in
470 974 534 1018 una
563 972 677 1032 opera,
703 959 783 1028 unc,
812 956 920 1028 simul,
952 972 1102 1036 quaeque
1122 957 1199 1018 sunt
1230 943 1368 1036 alia‘sy·

237 1092 385 1156 nonyma,
408 1089 492 1155 quae
514 1073 593 1137 satis
615 1071 719 1138 multa
739 1071 866 1156 etipsa
888 1093 962 1138 oum
985 1071 1095 1138 futuro
1121 1072 1260 1156 simplici
1283 1093 1368 1138 com·

7 1185 8 1188 '
143 1245 151 1250 .
236 1195 409 1275 ponuntur,
432 1213 601 1276 apparere.

323 1311 393 1378 lam
416 1311 459 1377 sd
480 1311 654 1396 primum
674 1319 805 1396 genus
833 1313 1067 1380 transeundum
1086 1317 1155 1394 est,
1185 1313 1274 1396 quod
1303 1333 1368 1382 uno
1402 1379 1412 1400 Ι

237 1431 387 1516 exemplo
416 1431 567 1498 Plautino
603 1432 779 1500 illustrarit
808 1432 998 1516 Madvigius.
1058 1433 1151 1513 Quod
1186 1433 1369 1518 exemplum

234 1553 283 1617 ita
305 1550 462 1636 explicari
483 1573 579 1636 posse
601 1551 857 1636 haudquaquam
878 1574 978 1637 nego,
1011 1553 1068 1619 sed
1090 1573 1174 1637 nego
1195 1553 1366 1625 aliterex-

210 1685 212 1690 ’
237 1671 355 1755 plicari
379 1692 443 1737 non
464 1692 569 1755 posse,
594 1672 788 1757 praesertim
811 1693 884 1738 cum
897 1672 1080 1756 Madvigius
1101 1674 1172 1758 ipse
1195 1673 1368 1739 adnotave-

236 1791 289 1871 rit,
312 1792 365 1857 vix
385 1791 571 1877 discrepare
593 1791 738 1858 futurum
761 1797 911 1859 exactum
934 1791 1087 1858 afuturo
1110 1793 1248 1876 simplici
1271 1792 1369 1876 idque

237 1911 393 1997 exemplis
416 1911 599 1978 luculenter
614 1891 898 1979 ¹demonstraverit
915 1951 958 1962 -
1032 1950 1033 1954 =

747 2241 832 2356 ⁵5·

327 2427 485 2507 Quoniam
508 2425 630 2492 lactum
649 2430 699 2492 est
718 2431 756 2492 ut
770 2427 968 2511 Madvigium
982 2427 1085 2493 secuti
1098 2427 1153 2492 hie
1166 2429 1234 2493 illic
1256 2448 1369 2494 secun-

238 2546 313 2611 dam
337 2552 370 2613 et
391 2547 524 2627 tertiam
552 2565 725 2631 personam
754 2547 1010 2630 respexerimus,
1041 2547 1140 2613 liceat
1170 2548 1251 2614 alios
1274 2566 1370 2632 quos-

237 2666 312 2732 dam
335 2663 512 2733 earundem
533 2687 746 2751 personarum
768 2666 858 2732 locos
880 2666 1017 2747 addere,
1047 2668 1103 2751 qui
1124 2687 1260 2752 prorsus
1283 2668 1370 2733 simi-

236 2786 313 2851 liter
334 2787 485 2852 videntur
516 2807 587 2851 esse
614 2785 780 2851 tractandi
791 2785 826 2868 ¹).
874 2786 1026 2852 Maxume
1058 2787 1123 2853 huc
1152 2788 1278 2853 iaciunt
1306 2787 1370 2852 loci

236 2904 337 2970 tales:
366 2911 417 2970 As.
441 2909 518 2970 280.
562 2906 645 2970 Eros
666 2905 701 2969 in
721 2904 888 2970 obsidione
910 2912 1035 2986 linquet,
1057 2907 1222 2973 inimicum
1245 2909 1370 2972 animos

238 3029 371 3090 auserit.
416 3029 502 3090 Pers.
523 3029 600 3091 393.
645 3025 679 3091 Si
700 3025 763 3090 hoc
784 3024 969 3092 adcurassis
984 3025 1101 3111 lepide,
1124 3029 1201 3111 quoi
1222 3027 1271 3092 rei
1294 3049 1370 3118 ope-

236 3163 309 3210 ram
331 3141 462 3224 damus,
492 3149 657 3210 Dabuntur
686 3145 772 3210 dotis
801 3143 863 3210 tibi
891 3145 966 3210 inde
995 3147 1133 3212 sescenti
1154 3147 1240 3231 logei
1263 3149 1370 3231 Atque

237 3264 338 3329 Attici
360 3283 485 3346 omnes3
508 3264 632 3330 nullum
652 3265 796 3331 Siculum
819 3268 987 3346 acceperis.
1032 3265 1209 3333 Praeterea
1231 3287 1369 3333 comme-

237 3384 385 3449 morandi
412 3389 488 3450 sunt
514 3385 579 3450 loci
600 3383 651 3450 l1i:
679 3391 785 3465 Amph.
816 3389 892 3451 648.
937 3387 1024 3452 Perii
1045 3387 1164 3452 hercle.
1208 3387 1264 3453 ille
1284 3405 1370 3453 nunc

236 3503 324 3568 intus
344 3502 473 3584 turbat3
492 3504 579 3569 huno
602 3505 630 3569 si
653 3505 819 3585 amitto,
839 3505 893 3570 hio
915 3510 1036 3572 abierit.
1081 3511 1193 3573 Bacch.
1217 3514 1273 3573 90.
1310 3507 1369 3573 llle

236 3622 367 3705 quidem
389 3621 474 3690 hanc
495 3628 635 3701 obduco,
656 3624 763 3694 nullus
784 3630 821 3692 tu
841 3631 993 3706 adfueris,
1014 3627 1123 3693 sinon
1144 3626 1243 3692 lubet.
1283 3631 1368 3706 capt.

307 3945 523 4012 trecassenus
547 3960 611 4020 sunt
630 3966 701 4035 (1³⁸9
719 3950 892 4023 Lueebeuu
920 3951 938 4022 l·
958 3967 980 4022 §.-
1005 3967 1026 4004 ⁸·
1046 3967 1072 4036 P..-
1092 3955 1134 4008 84.
1155 3970 1214 4040 Suq·
1234 3955 1370 4037 0¹P⁰Sult
