3206 4916
668 389 861 452 ..6.-

197 555 289 621 aedis
309 555 458 639 pessulis,
481 556 654 638 repagulis.
677 553 759 620 Ibo.
783 555 875 622 Hauc
898 576 957 638 ego
979 562 1108 620 tetulero
1122 556 1211 622 iutra
1226 556 1334 621 limen.

198 714 241 726 -
265 681 316 742 28.
352 681 443 755 Epiri.
474 680 549 741 272.
594 676 686 743 Siout
725 697 798 742 oras
834 676 888 741 hic
923 677 1077 743 aderit:
1121 676 1218 742 hodie
1255 677 1336 742 haut

198 801 323 862 venerii.
346 835 387 844 -
410 802 460 864 29.
484 801 557 862 ibid.
588 801 664 864 512.
709 795 855 880 Propera
877 796 978 878 igitur
999 795 1112 879 lugere
1131 796 1223 876 hine,
1250 797 1279 860 si
1300 801 1334 861 te

199 916 232 983 di
265 921 384 982 amant
429 916 481 982 FI.
511 921 641 984 Abiere:
685 916 825 999 Flagitio
855 937 929 981 oum
959 916 1082 981 maiore
1111 921 1191 1000 post,
1217 915 1335 982 reddes

197 1042 316 1104 tamen.
329 1043 428 1105 -30.
438 1042 510 1104 ibid.
524 1043 600 1104 057.
632 1037 702 1121 Ego
725 1037 768 1102 ad
788 1057 845 1102 vos
867 1025 1102 1119 Thesprionem
1125 1041 1244 1102 iussero
1262 1037 1335 1102 Huc
1363 1075 1368 1085 ·

198 1157 348 1224 transire.
372 1157 430 1226 sed
445 1162 617 1237 memento,
642 1158 670 1222 si
692 1157 771 1242 quid
792 1156 965 1223 saevibunt
986 1178 1079 1223 senes
1096 1157 1271 1241 Suppetias
1287 1205 1294 1220 .
1308 1206 1335 1220 ..

198 1279 293 1346 ferre.
314 1315 358 1327 -
382 1283 432 1344 31.
456 1282 537 1344 Men.
557 1281 635 1344 270.
664 1277 703 1343 Id
721 1283 905 1360 utrumque,
928 1282 1101 1361 argentum
1124 1277 1255 1361 quaudo
1277 1277 1336 1342 ha·

198 1399 300 1478 bebo,
323 1419 443 1475 cavera
466 1397 515 1464 Tu
535 1419 576 1465 ne
604 1397 774 1481 delinquas
796 1419 876 1464 neve
899 1419 958 1482 ego
981 1398 1107 1468 irascar
1127 1397 1198 1462 tibi.
1219 1434 1263 1444 -
1285 1403 1335 1462 32.

199 1526 272 1588 ibid.
290 1523 366 1584 423.
403 1518 517 1612 Neque
540 1538 600 1601 ego
620 1517 712 1584 illum
733 1539 850 1586 maneo
871 1540 977 1602 neque
998 1518 1092 1586 flocci
1115 1516 1209 1597 facio,
1231 1538 1337 1600 neque
1437 1557 1438 1562 κ

201 1641 230 1706 si
253 1639 393 1720 venerit,
422 1639 505 1706 Eum
527 1634 600 1704 volo
622 1639 709 1704 intro
729 1638 824 1707 mitt'.
868 1639 935 1706 ER.
959 1640 1098 1704 Ecastor
1126 1638 1207 1704 baut
1234 1637 1337 1702 iuvita

194 1764 433 1842 secero-33.
456 1764 529 1828 ibid.
552 1763 631 1825 545.
666 1760 724 1826 Da
747 1759 841 1824 sodes
865 1781 924 1844 aps
946 1764 995 1824 te:
1026 1763 1128 1842 post
1150 1778 1209 1842 ego
1232 1763 1336 1826 reddi-

202 1888 277 1947 dero
309 1880 379 1946 tibi.
401 1919 445 1932 -
468 1885 518 1945 34.
540 1883 614 1944 ibid.
633 1884 711 1944 570.
757 1879 791 1944 Si
812 1879 873 1945 tibi
896 1879 1065 1963 displiceo,
1095 1877 1338 1962 patiundumst:

194 2008 349 2081 proruero
371 1998 448 2065 huic
470 1999 601 2078 Erotio,
634 2001 725 2078 Quae
747 2021 799 2064 me
820 2020 884 2064 non
908 1998 1128 2078 excludet,
1151 1997 1194 2064 ab
1220 2019 1264 2078 se,
1288 2002 1357 2084 setv

201 2124 282 2204 aput
305 2141 340 2184 ee
362 2119 560 2186 occludet
582 2118 678 2186 domi.
695 2160 734 2169 —
752 2125 801 2189 35.
825 2124 921 2185 Mero.
943 2123 1019 2184 372.
1042 2119 1081 2183 Id
1101 2123 1152 2184 est
1173 2116 1337 2203 profecto:

201 2261 313 2307 verum
334 2244 522 2306 actutum
546 2245 739 2308 abscesserit.
755 2278 798 2288 -
815 2245 865 2306 36.
889 2245 961 2306 ibid.
985 2243 1059 2306 413.
1090 2238 1154 2308 Sed
1177 2238 1256 2322 quid
1281 2237 1338 2303 illa

201 2381 287 2426 nunc
307 2359 389 2430 fiet?
421 2359 488 2425 Du.
511 2360 628 2427 Recte:
653 2380 713 2444 ego
737 2381 837 2428 emero
858 2359 957 2427 matri
979 2365 1056 2425 tuae
1071 2358 1232 2430 Ancillam
1253 2359 1338 2426 vira-
1430 2356 1452 2364 ⁸

201 2481 308 2564 giucm
331 2480 475 2565 aliquam
497 2501 562 2547 nou
587 2479 716 2559 malam,
736 2480 843 2547 forma
864 2479 1070 2552 male.-37.
1086 2483 1136 2546 38.
1165 2483 1238 2543 ibid.
1260 2483 1336 2544 448.

201 2600 355 2680 Quiesce,
382 2601 533 2684 inquam:
560 2601 667 2666 istene
695 2620 765 2667 rem
794 2620 855 2684 ego
884 2604 973 2665 recte
1001 2605 1117 2665 videro.
1163 2598 1227 2668 GH.
1253 2597 1338 2676 Quid

202 2721 274 2786 ais?
305 2720 372 2786 DE.
403 2719 488 2800 Quid
511 2722 582 2789 est?
611 2721 676 2787 ΟΗ.
705 2720 777 2788 Non
810 2739 869 2802 ego
898 2719 988 2788 illam
1016 2719 1188 2802 mancupio
1216 2718 1337 2812 accepi.

201 2841 269 2908 DE.
293 2840 357 2906 Sed
379 2841 435 2909 ille
458 2840 548 2906 illam
571 2840 724 2924 accipiet:
755 2840 820 2910 CH.
842 2839 915 2909 Non
935 2845 1029 2925 potes
1050 2845 1088 2904 tu
1102 2840 1175 2923 lege
1197 2837 1338 2904 vendere

202 2961 300 3026 illam.
344 2962 411 3031 DE.
442 2962 512 3045 Ego
544 2960 669 3044 aliquid
700 2966 815 3029 videro.
846 2999 889 3008 —
919 2965 968 3028 39.
992 2965 1064 3026 ibid.
1092 2965 1168 3026 497.
1197 2959 1337 3039 Meliust,

203 3103 302 3146 sanus
325 3083 354 3146 si
376 3083 428 3148 sis.
462 3082 527 3147 CH.
551 3080 642 3161 Vale,
663 3081 755 3146 vince
777 3085 811 3146 et
832 3102 884 3146 me
906 3101 1008 3147 serva.
1047 3080 1111 3146 EV.
1135 3079 1204 3163 Ego
1218 3087 1337 3161 secero.

205 3239 244 3248 -
267 3208 318 3267 40.
341 3206 413 3272 ibid.
437 3206 514 3266 545.
546 3201 724 3267 Certumst:
746 3202 882 3284 antiqua
903 3200 1089 3266 recolam
1112 3205 1145 3265 et
1168 3198 1357 3268 servibo·

203 3320 298 3388 mihi:
321 3320 424 3387 Breve
445 3322 511 3386 iam
533 3319 689 3386 relicuom
710 3321 798 3390 vitae
820 3321 1009 3404 spatiumst:
1032 3319 1111 3404 quin
1134 3340 1193 3403 ego
1217 3319 1337 3402 Volup·

203 3445 282 3520 tate,
305 3441 387 3520 vino,
410 3461 520 3506 amore
544 3441 579 3505 id
602 3438 802 3512 delectarere.
817 3479 857 3488 -
870 3446 920 3504 41.
944 3445 1008 3508 Mil.
1031 3447 1073 3521 ol.
1091 3445 1171 3506 200.
1195 3441 1339 3518 Quaere:
1364 3467 1366 3474 ·

205 3581 264 3646 ego
286 3561 362 3628 binc
382 3565 560 3634 abscessero
584 3581 643 3644 aps
665 3567 699 3626 00
720 3561 799 3626 huc
827 3559 1010 3633 interire.
1033 3560 1111 3628 illuc
1134 3560 1178 3626 sis
1200 3558 1340 3629 vida-
1369 3630 1378 3648 ·

205 3687 255 3752 42.
277 3687 350 3748 ibid.
373 3687 449 3748 853.
473 3681 543 3760 Quo
565 3686 599 3747 00
621 3681 715 3764 agis?
737 3681 803 3751 LV.
832 3681 952 3746 Missus
976 3703 1047 3748 eum
1061 3680 1135 3748 alio.
1157 3680 1239 3746 iem
1261 3678 1340 3748 huo

204 3823 362 3869 revenere.
384 3841 428 3852 —
450 3807 500 3868 43.
521 3807 611 3867 Mori.
635 3806 712 3869 525.
746 3801 801 3866 Nil
821 3823 873 3868 me
896 3800 1071 3878 curraesis,
1099 3800 1247 3883 inquam:
1280 3821 1340 3884 ego

204 3920 285 3988 mihi
299 3927 478 4001 providero.
501 3961 543 3972 -
566 3928 616 3988 44.
639 3928 711 3988 ibid.
734 3928 811 3989 589.
840 3921 960 3988 Multos
988 3943 1040 3986 me
1061 3920 1123 3990 hoc
1147 3927 1245 4005 pacto
1274 3923 1340 3986 iam

206 4042 275 4110 dies
297 4041 507 4114 frustramiii.
544 4043 702 4115 Molestus
724 4043 752 4110 si
771 4065 851 4122 cum,
874 4041 1000 4111 reddite
1022 4048 1202 4128 argentum,
1224 4045 1337 4110 obiero,
