3206 4916
719 409 914 470 ..9-

250 577 433 641 certiorem.
456 611 504 649 ·-‚
523 580 572 639 72.
596 580 667 640 ibid.
692 580 767 640 779.
813 575 875 641 Abi
897 576 1009 641 modo:
1042 596 1102 659 ego
1124 575 1200 640 dnm
1224 576 1319 654 abeS,
1348 582 1385 642 ut

249 697 349 762 abeat
389 717 454 760 uon
490 696 603 761 sinam.
647 696 712 760 Ta.
748 696 835 761 Huc
871 681 1095 763 11111116-
1120 703 1170 762 73.
1203 701 1275 763 ibid.
1308 700 1383 762 788.

250 817 336 897 Quid
359 837 445 900 ages,
468 817 495 882 si
518 816 675 882 accedent
695 818 851 902 propius?
892 818 956 882 LA.
985 816 1056 901 Ego
1078 838 1245 883 recessero.
1268 855 1312 866 -
1336 822 1385 882 74.

249 943 343 1004 Siicb.
373 941 449 1003 361.
495 936 582 1024 (iape
611 935 685 1003 illas
715 909 840 1021 icopas.
886 937 952 1003 GE.
997 936 1177 1022 Capiam.
1221 937 1271 1008 Pl.
1303 937 1383 1002 Hoc.

250 1062 394 1142 egomet,
424 1063 461 1123 tu
489 1057 553 1122 hoo
583 1078 746 1123 converre.
792 1058 858 1124 GE.
895 1057 964 1140 Ego
993 1056 1150 1123 fecero.
1170 1095 1214 1106 -
1233 1064 1282 1124 76.
1309 1062 1382 1124 ibid.

250 1183 326 1245 602.
371 1178 497 1263 Edepol
530 1183 564 1244 te
593 1199 704 1244 vocem
730 1178 896 1259 lubenter,
932 1178 959 1244 si
973 1177 1147 1263 superfiat
1173 1178 1272 1244 loeus.
1317 1177 1383 1244 GE.

250 1300 334 1379 Quin
355 1304 424 1365 tnn1
447 1304 538 1365 stans
561 1302 737 1364 obstrusero
763 1297 887 1382 aliquid
910 1303 1049 1365 strenue.
1068 1337 1112 1349 -
1135 1304 1184 1365 76.
1208 1303 1280 1366 ibid.
1303 1304 1382 1364 606.

249 1419 322 1486 Non
341 1426 379 1486 tu
398 1421 471 1500 scis,
493 1424 651 1503 quantum
671 1417 869 1484 afflictentur
890 1419 1037 1486 homines
1058 1424 1158 1486 noctu
1178 1421 1232 1486 hic
1252 1419 1287 1484 in
1308 1417 1384 1485 viel

249 1540 322 1624 ΡΑ.
342 1540 446 1606 Tanto
468 1539 607 1624 plureis,
631 1539 687 1623 qui
710 1539 902 1620 defendant,
924 1540 973 1606 ire
994 1540 1168 1607 advorsum
1189 1545 1319 1606 iussero.
1342 1583 1384 1594 -

251 1666 300 1726 77.
336 1665 420 1726 Trio.
452 1665 508 1726 60.
553 1659 678 1744 Nempe
708 1661 793 1726 enim
825 1665 878 1741 tu,
915 1660 1029 1742 oredo,
1064 1683 1115 1726 me
1146 1661 1385 1746 imprudentem

250 1784 434 1861 obrepseris.
456 1819 500 1828 —
522 1786 572 1846 78.
601 1785 673 1846 ibid.
709 1784 785 1846 164.
844 1781 962 1847 Hercle
1000 1782 1078 1865 quin
1113 1781 1219 1847 dicam
1258 1786 1384 1846 tomen:

247 1900 333 1966 Nam
356 1901 383 1966 11
406 1900 453 1966 sio
471 1922 536 1967 non
558 1901 678 1980 licebit,
700 1901 809 1967 luscus
832 1907 951 1969 dixero.
973 1940 1016 1951 -
1039 1908 1088 1968 79.
1110 1907 1183 1968 ibid.
1204 1907 1282 1967 606.
1313 1899 1385 1966 Nou

251 2020 407 2086 credibile
436 2020 525 2086 dicia
570 2021 628 2087 ST.
661 2021 704 2086 At
733 2027 770 2086 tu
797 2021 905 2088 nullus
936 2021 1051 2106 edepol
1075 2020 1222 2088 oreduas.
1266 2022 1301 2087 si
1323 2022 1386 2086 hoc

250 2162 314 2207 uon
339 2141 461 2222 credis,
493 2162 553 2226 ego
580 2147 753 2209 credidero.
798 2142 860 2208 ΘΑ.
889 2142 997 2221 Quid?
1031 2142 1089 2207 ST.
1120 2143 1172 2208 Me
1194 2142 1286 2207 nihili
1307 2163 1385 2226 pen-

251 2262 337 2327 dere.
361 2301 401 2311 —
426 2268 476 2328 80.
506 2266 579 2327 ibid.
611 2266 687 2327 621.
740 2261 845 2327 Celeri
879 2262 983 2346 gradu
1021 2267 1099 2327 eunt
1133 2267 1287 2345 uterque:
1324 2253 1386 2328 ille

252 2381 461 2467 reprehendit
488 2380 575 2448 hunc
607 2383 749 2466 priorem
776 2381 885 2467 pallio.
929 2383 1019 2448 Haut
1049 2382 1079 2448 ei
1108 2381 1279 2448 euscheme
1308 2382 1386 2448 asti·

206 2588 212 2600 ·
251 2508 370 2568 terunt.
393 2503 471 2568 hnc
497 2503 764 2586 aliquantum
786 2523 977 2582 opsoessero.
1007 2503 1052 2569 Ε1
1074 2502 1186 2569 lubido
1205 2503 1386 2569 orationem

254 2623 368 2688 andire
389 2622 527 2688 duorum
549 2622 713 2688 adfinium.
733 2661 776 2672 -
798 2629 849 2689 81.
871 2628 944 2690 ibid.
963 2628 1040 2690 666.
1064 2624 1181 2690 Omnia
1203 2645 1263 2708 ego
1284 2625 1387 2690 istaec

253 2764 336 2828 quae
366 2748 403 2808 tu
433 2743 515 2807 dixti
546 2744 625 2822 seio,
664 2743 717 2808 vel
746 2749 968 2825 exsipoooero:
1007 2744 1051 2809 Ut
1081 2766 1151 2809 rem
1181 2745 1323 2829 patriam
1354 2749 1387 2808 et

253 2863 389 2947 gloriam
421 2864 581 2929 meierum
616 2863 774 2928 foedarim
803 2884 920 2928 meum.
943 2903 984 2912 —
1004 2868 1054 2928 82.
1077 2868 1150 2930 ibid.
1180 2869 1257 2929 709.
1303 2860 1388 2943 Quid

253 2983 314 3049 tibi
335 2983 627 3067 interpellatio-aut
643 2983 677 3047 in
694 2983 864 3048 concilium
880 2983 944 3048 huc
959 2983 1157 3048 accessiost‘i
1178 2983 1241 3048 LE.
1263 2982 1387 3048 Eodem

203 3080 206 3086 ¹
251 3109 349 3188 paeto
377 3125 441 3187 quo
468 3104 533 3169 huo
564 3104 703 3184 accessi,
734 3124 924 3183 opscossero.
946 3141 990 3152 -
1013 3109 1063 3169 83.
1086 3108 1159 3169 ibid.
1184 3108 1285 3168 1006.
1331 3103 1388 3168 Set

157 3294 167 3316 .
252 3225 325 3307 quis
346 3224 401 3289 hio
423 3228 489 3304 est,
521 3223 577 3307 qui
606 3224 670 3289 huc
697 3224 731 3288 in
753 3224 897 3307 plateam
920 3244 1089 3289 cursuram
1110 3224 1247 3309 incipit?
1281 3222 1387 3289 Lubet

252 3343 440 3423 observare,
483 3344 561 3427 quid
598 3349 690 3428 agat:
728 3345 792 3410 huo
826 3365 1015 3412 conoessero.
1039 3383 1082 3392 -
1103 3351 1154 3410 84.
1189 3349 1279 3410 Troo.
1308 3349 1385 3409 646.

253 3463 373 3528 Verum
395 3463 511 3544 abibo,
541 3463 620 3548 quid
642 3465 712 3531 ais?
742 3487 819 3532 num
841 3471 878 3531 tu
899 3486 963 3531 non
986 3465 1091 3545 nevis,
1125 3465 1276 3548 voluptas
1304 3484 1386 3544 mea,

253 3584 323 3663 Quo
346 3589 481 3649 vocatus
503 3603 574 3650 sum
592 3584 641 3650 ire
663 3585 706 3650 ad
728 3587 864 3650 cenam?
886 3605 976 3650 mox
997 3585 1062 3651 huc
1075 3585 1220 3651 cubitum
1231 3584 1385 3666 oeoero¹).

253 3739 293 3752 ·-
316 3710 367 3770 85.
392 3708 464 3770 ibid.
489 3708 563 3770 883.
606 3705 692 3768 Num
721 3704 800 3788 quid
829 3705 900 3768 vis?
943 3705 1010 3769 PH.
1041 3705 1107 3769 Fac
1135 3704 1222 3770 visas
1240 3722 1301 3767 me.
1332 3702 1386 3766 DI.

252 3824 379 3909 Operae
401 3823 446 3888 mi
466 3824 524 3890 ubi
545 3825 616 3903 erit,
639 3823 682 3888 ad
703 3828 736 3888 te
759 3844 879 3888 renero.
903 3861 946 3871 —-

340 3996 364 4064 1)
384 3995 427 4049 De
450 3993 536 4050 futuri
561 3995 673 4050 secundi
698 3993 788 4050 formo
818 4003 944 4050 mussare
976 3994 1092 4050 videtur.
1125 4008 1222 4050 orooro
1249 3994 1382 4064 Bnggius3

252 4082 329 4136 intro
348 4081 435 4147 BGD3
453 4080 511 4135 iero
530 4080 567 4148 F,-
584 4081 658 4135 icero
676 4082 711 4147 Ζ;
733 4079 840 4136 rediero
859 4080 1028 4135 Fleckeisen.
