3206 4916
745 382 938 444 ..5.-

274 551 338 618 ΟΗ.
358 557 534 616 decessero.
550 589 590 598 -
603 557 652 616 15.
674 554 858 615 11111066.
882 549 978 629 Ged0,
997 549 1025 614 si
1038 553 1211 614 necessest.
1235 549 1321 614 (lura
1336 549 1407 614 hoo.

272 671 354 737 iam
376 692 437 756 ego
466 672 543 736 huc
565 691 787 737 10000010-
812 675 861 736 16.
889 673 975 749 Cant.
999 673 1074 734 192.
1105 669 1179 735 Ibo
1199 669 1286 736 intro
1309 673 1408 754 atque

272 793 361 857 intus
383 791 617 857 subducam
638 790 866 870 ratiunculam,
888 789 1090 869 Quantillum
1112 790 1240 874 argenti
1261 791 1306 855 mi
1329 796 1410 876 aput

273 913 482 998 tarpessitam
504 912 575 979 siet.
617 911 669 978 Ad
691 911 836 991 fratrem,
859 911 994 995 quoire
1017 910 1179 991 dixeram,
1201 930 1292 976 mox
1314 916 1408 976 ivero.

274 1037 354 1120 (iero
377 1033 482 1118 codd).
497 1038 603 1099 -17,
621 1012 694 1098 aoid
715 1035 791 1097 293.
816 1031 959 1115 Sequere
973 1031 1037 1096 hae
1059 1053 1111 1097 mo
1132 1031 1241 1115 igitur,
1264 1031 1409 1097 eadem

275 1176 335 1240 ego
358 1177 398 1221 ex
419 1155 483 1219 hoo
504 1173 589 1238 quae
612 1152 685 1218 volo
709 1157 913 1232 exquisivero.
935 1189 979 1201 -
1000 1157 1050 1219 18.
1072 1156 1145 1218 ibid.
1169 1156 1247 1218 340.
1279 1151 1408 1232 Verum,

274 1281 308 1343 te
330 1295 460 1360 quaeso,
485 1278 704 1340 aestumatum
725 1273 812 1337 hunc
832 1272 913 1337 mihi
935 1272 1001 1353 des,
1025 1292 1122 1356 quem
1143 1271 1271 1337 mittam
1289 1271 1332 1336 ad
1350 1293 1409 1356 pa·

271 1403 368 1478 tram,
399 1396 446 1460 Ut
467 1395 496 1460 is
516 1395 614 1460 homo
636 1393 817 1459 redimatur
838 1392 895 1458 illi.
940 1393 1008 1459 HE.
1035 1392 1138 1458 Immo
1169 1381 1275 1458 alium
1299 1392 1409 1477 potius

271 1523 382 1583 misero
404 1515 502 1596 Hinc,
533 1513 590 1580 ubi
613 1519 709 1580 erunt
727 1513 883 1580 indutiae.
905 1550 950 1562 —
974 1519 1022 1580 19.
1045 1517 1118 1579 ibid.
1144 1516 1220 1599 494.
1265 1513 1298 1579 10
1322 1513 1408 1579 diem

273 1638 396 1717 dicam,
440 1634 598 1720 inrogabo
644 1634 799 1712 multam,
844 1639 882 1699 nt
922 1633 1002 1698 mihi
1046 1653 1143 1699 cenas
1183 1633 1295 1700 decem
1334 1632 1408 1698 Meo

275 1756 438 1824 arbitratu
460 1756 546 1836 dent,
567 1776 664 1839 quom
684 1775 761 1820 cara
783 1774 912 1820 annona
930 1754 981 1819 sit.
1004 1754 1068 1818 sio
1089 1774 1192 1834 effero.
1222 1752 1316 1818 Nunc
1336 1753 1408 1820 ibo

274 1878 317 1944 ad
337 1883 468 1962 portum
489 1875 574 1942 hino.
597 1881 646 1942 001
667 1875 735 1940 illic
756 1875 802 1940 mi
823 1895 890 1940 una
912 1894 986 1959 spes
1009 1874 1174 1939 cenatica:
1208 1873 1243 1939 Si
1271 1893 1310 1938 ea
1339 1873 1409 1938 de·

272 1998 454 2078 volabit,
477 1997 627 2062 redibo
649 1997 714 2062 huc
736 1996 779 2062 ad
803 2016 913 2061 senem
935 1993 978 2059 ad
1000 2015 1113 2060 cenam
1135 1999 1408 2078 asperam—20.

278 2123 345 2184 Cas.
358 2123 433 2184 192.
461 2118 506 2182 Et
529 2117 669 2183 sitellam
691 2117 756 2181 huc
777 2115 1025 2182 tecumafferto
1039 2136 1113 2181 cum
1137 2135 1224 2198 aqua
1247 2118 1280 2179 et
1301 2115 1408 2180 sortis.

206 2322 213 2333 .
274 2239 341 2304 CH.
372 2238 432 2302 Sat
452 2238 574 2321 placet,
596 2237 667 2320 Ego
688 2237 745 2321 pol
764 2237 862 2301 istam
881 2237 961 2302 iam
983 2235 1223 2319 aliquovorsum
1244 2235 1409 2319 tragulam

276 2363 432 2423 cecidero.
469 2356 553 2422 Nam
575 2356 602 2421 si
625 2357 672 2421 010
693 2355 775 2421 nihil
794 2356 970 2441 impetrare
992 2361 1161 2441 potero,
1191 2355 1306 2421 saltem
1328 2376 1408 2421 001-

273 2478 372 2544 1101.
393 2516 433 2525 -
457 2482 508 2542 2l.
537 2481 610 2543 ibid.
638 2481 713 2542 441.
758 2477 813 2542 Nil
841 2498 968 2542 moror:
999 2476 1139 2542 molesta
1165 2476 1196 2542 ei
1225 2497 1297 2542 0000
1323 2477 1407 2541 nolo.

271 2602 368 2682 post
387 2618 566 2663 conuenero.
597 2635 638 2644 —
668 2601 718 2662 22.
749 2601 924 2663 11111509.
964 2597 1028 2663 Abi
1050 2601 1083 2662 et
1105 2596 1194 2662 aliud
1217 2617 1305 2662 cura.
1348 2616 1407 2679 ego

271 2719 438 2802 iamper
465 2716 596 2783 hortum
624 2723 744 2784 iussero
774 2717 881 2783 Meam
915 2716 1000 2783 istuc
1029 2717 1170 2782 transire
1201 2737 1336 2782 uxorem
1365 2716 1408 2781 ad

273 2849 409 2903 uxorem
429 2843 528 2902 tuam.
550 2875 593 2885 -
614 2843 665 2906 23.
687 2843 760 2904 ibid.
784 2841 859 2904 648.
891 2837 926 2903 Si
947 2837 1074 2922 sapitis,
1097 2858 1195 2917 uxor,
1218 2858 1275 2902 vos
1296 2842 1407 2902 tamen

276 2957 444 3038 cenabitis,
467 2958 554 3023 Cena
574 2957 633 3024 ubi
655 2959 719 3023 erit
740 2964 848 3024 cocta:
872 2979 933 3042 ego
954 2958 1025 3024 ruri
1048 2978 1213 3023 emouere:
1244 2956 1327 3022 Nam
1350 2978 1407 3023 no·

271 3100 344 3145 vom
365 3079 520 3144 maritum
550 3083 584 3144 et
610 3099 727 3143 novam
755 3085 892 3164 nuptam
917 3078 990 3144 volo
1013 3079 1081 3144 Rus
1105 3079 1332 3163 prosequi-
1356 3084 1406 3145 24.

247 3215 251 3224 ·
272 3204 345 3264 ibid.
364 3204 440 3266 653.
470 3199 536 3264 Sed
548 3175 724 3284 properate
736 3200 836 3264 istum
852 3204 952 3283 atque
967 3199 1066 3266 istam
1086 3203 1233 3265 actutum
1249 3199 1406 3279 emittere,

271 3319 416 3385 Tandem
436 3324 474 3385 ut
494 3320 662 3386 veniamus
682 3319 765 3385 loci:
795 3340 854 3403 ogo
884 3341 979 3386 cras
1001 3320 1056 3385 hio
1078 3340 1158 3387 ero.
1203 3320 1304 3386 (lras
1334 3321 1406 3385 ha·

271 3438 417 3520 buero,
439 3459 531 3519 uxor,
554 3459 614 3523 ego
634 3444 746 3506 tamen
768 3440 1020 3507 0011111111.-
1042 3446 1093 3508 25.
1116 3445 1190 3506 1111.
1206 3445 1281 3506 724.
1313 3440 1407 3505 Nune

228 3615 233 3631 .
270 3558 470 3644 praesidium
491 3559 545 3625 hio
564 3559 769 3640 Pardalisca,
798 3565 886 3626 osto:
931 3562 987 3645 qui
1021 3561 1098 3626 hinc
1125 3567 1234 3642 exeat,
1265 3581 1337 3625 eum
1368 3565 1407 3625 ut

271 3679 414 3749 ludribio
436 3679 569 3747 habeas.
614 3679 744 3746 Lubens
761 3689 871 3762 fecero
894 3686 928 3747 et
954 3681 1070 3748 solens.
1096 3721 1132 3730 -
1156 3686 1206 3748 26.
1229 3684 1302 3745 ibid.
1326 3684 1405 3746 804.

271 3800 354 3866 Redi
376 3800 420 3865 sis
441 3801 476 3865 in
492 3800 695 3867 cubiculum:
717 3801 845 3887 periisti
862 3802 980 3882 hercle,
1004 3822 1065 3885 age
1081 3799 1201 3866 accede
1215 3801 1280 3865 huc
1299 3800 1404 3866 modo.

272 3920 367 3985 Nunc
389 3941 450 4004 ego
471 3925 580 3987 tecum
601 3942 740 4004 aequom
759 3922 920 4022 arbitrum
932 3927 1029 3987 extra
1047 3921 1214 4005 coniugem
1230 3931 1404 4002 cantavero.

270 4046 377 4109 -at
397 4043 466 4106 0111.
483 4046 558 4107 381.
590 4043 696 4127 (1111.
720 4043 878 4127 Benoist).
909 4041 974 4108 Ubi
995 4041 1073 4107 estis
1098 4042 1205 4107 servi?
1236 4040 1404 4107 Occludite
