3206 4916
708 401 1029 462 -27-.

243 584 379 644 terram.
424 574 510 638 Trin.
534 575 596 637 463
621 592 667 655 ep.
713 569 851 636 Oculum
881 590 940 652 ego
971 568 1131 636 ecfodiam
1151 570 1227 650 tibi,
1261 571 1289 636 si
1311 592 1382 636 ver-

244 696 325 765 bum
356 698 527 760 addideris.
572 690 654 758 Rud.
675 695 778 758 1401.
823 689 1020 775 vapulabis,
1054 690 1189 756 verbum
1220 693 1248 758 ei
1284 689 1385 756 addes'

246 839 356 884 unum.
376 853 420 865 -

335 935 439 1002 Aliter
458 936 658 1017 comparata,
681 952 879 1015 quamquam
896 932 972 996 hinc
987 952 1052 996 non
1067 931 1183 1011 aliena,
1205 940 1280 998 sunt
1301 935 1383 1000 haec

247 1057 416 1140 exempla:
460 1054 557 1119 Poen.
581 1056 653 1119 907.
697 1051 850 1117 Profecto
874 1052 916 1117 ad
937 1052 1056 1118 incitas
1075 1052 1223 1119 lenonem
1247 1053 1384 1140 rediget,

253 1177 282 1244 ei
304 1197 359 1242 eae
381 1179 555 1240 abduxerit.
599 1172 686 1237 Trin.
698 1177 781 1237 -371,
826 1173 877 1237 An
903 1193 942 1238 eo
964 1177 1142 1257 egestatem
1166 1174 1196 1239 ei
1217 1173 1384 1254 tolerabis,

246 1299 279 1364 ei
308 1296 387 1380 quid
418 1294 460 1360 ab
492 1293 549 1358 illo
579 1298 762 1372 acceperis?
806 1292 877 1358 Cae.
908 1298 981 1362 284.
1017 1292 1121 1360 Credo
1150 1293 1259 1359 hercle
1288 1293 1384 1360 hodie

245 1415 418 1483 devotabit
445 1415 543 1480 sortis
577 1414 605 1478 ei
640 1418 787 1494 altiperit.
834 1413 899 1478 Mil.
931 1417 1002 1479 306.
1047 1413 1141 1480 Nunc
1171 1415 1199 1480 ei
1229 1413 1385 1480 indicium

248 1537 352 1616 facio,
383 1535 509 1614 interii,
539 1535 567 1599 ei
588 1539 683 1600 taceo
704 1534 816 1598 interii
848 1540 976 1614 tamen,
1008 1533 1043 1598 Si
1065 1535 1127 1599 hoc
1147 1535 1256 1619 pelam
1273 1541 1384 1616 fuerit.

248 1651 323 1722 Cae.
347 1661 419 1722 846.
462 1655 583 1720 Verum
603 1655 660 1737 qui
681 1674 746 1718 non
773 1653 923 1719 manibus
955 1654 1061 1731 clare,
1091 1661 1286 1738 quantum
1314 1676 1386 1740 po·

251 1775 376 1854 terit,
393 1779 557 1855 plauserit,
580 1773 621 1839 Ei
643 1769 704 1858 pro
727 1779 836 1839 scorto
855 1779 1055 1858 supponetur
1069 1774 1158 1840 ircue
1171 1779 1288 1841 unctus
1306 1795 1384 1840 nau·

249 1901 315 1961 tea.
347 1891 433 1960 Trin.
446 1899 518 1961 423.
549 1894 649 1959 Pater
665 1915 763 1978 quom
776 1915 914 1979 peregre
937 1893 1054 1974 veniet,
1075 1895 1110 1960 in
1131 1900 1259 1980 portast
1278 1895 1386 1962 looue:

251 2015 324 2082 Niei
344 2014 429 2080 forte
451 2015 486 2079 in
508 2019 653 2080 ventrem
673 2013 741 2080 filio
763 2020 965 2094 conreprertt.
1006 2041 1015 2076 l

338 2136 377 2201 In
402 2133 568 2220 plerisque
590 2134 707 2199 horum
729 2134 953 2219 exemplorum
974 2135 1047 2201 fieri
1067 2137 1121 2202 vix
1141 2141 1266 2220 potest,
1288 2141 1325 2201 ut
1347 2134 1387 2202 de

251 2255 392 2320 relativa
405 2253 510 2320 futuri
520 2253 671 2320 exactivi
687 2255 818 2338 cogites,
841 2276 915 2320 cum
926 2261 985 2321 aut
1002 2255 1160 2321 aorieti
1183 2256 1387 2322 coniunc-

254 2375 333 2439 tivi
357 2379 428 2438 aut
457 2373 668 2458 simplicis
696 2374 835 2439 futuri
868 2376 934 2441 vie
960 2375 1154 2460 postidetur.
1198 2375 1262 2441 Sed
1284 2381 1388 2440 totam

252 2491 339 2559 lianc
363 2494 586 2576 quaestionem
608 2496 793 2560 accuratius
817 2496 1025 2562 tractandam
1048 2517 1118 2562 esse
1141 2494 1295 2561 intellexi.
