3206 4916
694 398 908 463 ..23-

234 574 284 639 vel
305 578 383 652 ‘post
404 592 462 652 epo
481 569 600 651 feccro’
624 568 738 635 dilatio
761 569 922 653 quaedam
945 567 1120 652 conspicua
1142 569 1207 648 est3
1231 565 1370 649 denique

234 696 262 759 si
291 699 454 759 mutamus
481 696 597 757 ‘codem
629 711 684 771 epo
706 690 836 771 foccro',
867 705 980 754 rursus
1009 687 1074 752 alia
1101 705 1153 753 res
1182 690 1240 751 est.
1284 684 1370 750 Illud

234 819 363 879 tanturn
399 811 496 878 modo
533 811 702 896 quaeritur
739 810 824 876 unde
853 809 936 874 haec
964 807 1205 891 quadripartita
1233 806 1282 871 vis
1312 805 1370 870 du·

235 934 340 999 conda
366 933 418 999 sit.
463 933 568 1011 Quam
588 931 719 1015 quidem
742 951 783 996 ex
803 930 906 1014 ipsius
921 927 1012 993 verbi
1033 926 1138 992 forma
1160 925 1371 992 derivandam

235 1074 305 1118 esse
334 1052 423 1118 nullo
454 1052 550 1118 modo
581 1051 700 1116 adduci
729 1071 862 1135 possum
891 1054 929 1114 ut
958 1046 1089 1113 credam
1120 1089 1161 1098 -
1190 1046 1264 1129 quis
1286 1045 1371 1110 enim

235 1174 298 1238 sibi
328 1172 540 1258 persuadebit
564 1171 700 1237 eandem
731 1169 870 1236 formam
892 1173 925 1235 et
955 1167 1230 1234 celeritatem
1253 1171 1287 1230 et
1308 1163 1371 1230 di·
1414 1207 1416 1212 -

234 1295 454 1374 lationem,
478 1291 566 1376 quod
586 1311 690 1376 paene
714 1291 914 1356 contrarium
934 1293 992 1369 est,
1016 1286 1198 1372 significare
1220 1287 1339 1370 posse?

234 1455 274 1466 -
311 1413 369 1481 scd
402 1418 460 1479 aut
489 1433 530 1478 ex
559 1411 722 1477 adverbiis
761 1411 825 1476 illis
860 1407 1078 1494 proficiscitur
1112 1412 1170 1473 aut
1201 1427 1241 1472 ex
1270 1407 1371 1471 totius

232 1535 392 1601 enuntiati
402 1533 520 1599 colore.
555 1531 608 1596 Sic
631 1530 847 1613 intellegimus
872 1551 930 1594 our
949 1528 1081 1594 eaedem
1096 1525 1280 1612 particulae
1292 1526 1371 1591 sim·

234 1657 313 1740 plici
335 1655 447 1720 futuro
471 1652 644 1718 adiunctae
668 1647 806 1716 eandam
828 1651 893 1716 vim
916 1649 1069 1715 habeant.

321 1775 385 1840 Sed
407 1772 568 1838 accedunt
590 1772 663 1836 alia.
708 1771 891 1853 Madvigius
920 1771 996 1836 inde
1018 1768 1184 1854 profectus
1208 1771 1258 1832 est
1280 1765 1368 1850 quod

234 1896 380 1961 futurum
403 1897 554 1959 exactum
577 1892 619 1958 ab
650 1892 743 1956 initio
771 1891 944 1957 relativam
965 1889 1029 1956 vim
1059 1888 1213 1955 habuisse
1243 1888 1371 1967 statuit,

235 2016 381 2100 quamvis
406 2017 599 2098 argumento
623 2012 735 2078 addito
753 2012 851 2077 nullo.
896 2011 1003 2094 Atque
1027 2007 1293 2105 comparantibus
1315 2027 1373 2071 no·

232 2137 282 2203 bis
315 2134 418 2227 futuri
448 2133 513 2199 vim
544 2138 578 2199 et
606 2132 709 2198 futuri
733 2133 841 2198 exacti
868 2131 933 2196 vim
956 2130 1128 2196 relativam
1158 2148 1290 2194 necesse
1323 2131 1373 2192 est

229 2244 321 2321 illam
343 2253 448 2320 videri
470 2253 716 2337 simpliciorem,
746 2252 831 2317 hanc
858 2249 1097 2334 impeditiorem
1128 2255 1226 2334 atque
1255 2247 1371 2314 diflici-

230 2375 354 2440 liorem.
384 2373 447 2440 Vix
464 2378 574 2439 autem
590 2372 762 2457 probabile
780 2377 830 2438 est
844 2371 1083 2455 impeditiorem
1103 2369 1371 2454 significationem

232 2515 302 2561 esse
325 2473 551 2577 antiquiorem,
574 2493 808 2577 simpliciorem
830 2495 945 2557 contra
959 2491 1183 2557 recentiorem.
1214 2488 1372 2554 Probabi-

236 2616 299 2681 lius
317 2620 404 2681 certe
428 2614 577 2680 alterum.
611 2613 646 2679 Si
657 2611 857 2696 Madvigium
879 2612 1054 2695 sequimur,
1076 2611 1222 2694 cogimur
1238 2609 1372 2675 credere

236 2740 312 2801 ante
334 2734 486 2800 Plautum
509 2734 680 2799 relativam
701 2733 766 2824 vim
795 2733 829 2796 in
851 2731 962 2798 futuro
991 2737 1106 2798 exacto
1137 2730 1251 2810 fnisse,
1287 2730 1372 2794 hanc

236 2855 346 2920 Plauti
367 2853 569 2938 temporibus
591 2852 762 2937 paullatim
784 2852 994 2918 obscuratam
1027 2872 1098 2917 esse
1126 2851 1229 2917 futuri
1252 2850 1371 2933 signifi·

234 2976 361 3040 catione
392 2973 586 3053 substituta,
623 2973 787 3039 Ciceronis
821 2977 930 3038 autem
965 2970 1169 3056 temporibus
1200 2971 1372 3056 pristinam

232 3096 297 3161 vim
330 3093 436 3160 denuo
464 3114 534 3159 esse
562 3093 829 3177 redintegratam.
875 3093 1004 3173 Quanto
1033 3091 1211 3175 simplicius
1234 3095 1284 3156 est
1305 3095 1372 3156 sta-

233 3220 336 3296 tuere,
357 3215 392 3279 in
410 3214 462 3279 his
484 3214 597 3279 formis
615 3214 784 3296 antiquam
807 3213 872 3278 vim
892 3233 963 3278 esse
985 3185 1158 3293 servatam,
1178 3210 1254 3277 inde
1276 3211 1370 3295 paul-

232 3334 326 3400 latim
360 3335 500 3401 alteram
537 3354 609 3399 esse
640 3339 763 3415 ortam,
804 3354 902 3417 quam
929 3333 1143 3419 principalem
1173 3331 1269 3416 vulgo
1300 3351 1371 3396 esse

235 3458 394 3519 statuunt.
438 3452 522 3518 Nam
553 3454 683 3537 quantis
714 3453 862 3519 artificiis
884 3453 1067 3537 Madvigius
1094 3473 1172 3518 usus
1193 3453 1236 3517 sit
1258 3452 1370 3518 rectis·

231 3575 311 3639 sime
323 3575 530 3639 Hermannus
546 3573 597 3638 his
614 3573 722 3639 verbis
744 3573 955 3657 significavit:
984 3573 1162 3638 ‘Nimirum’
1184 3571 1300 3656 inquit,
1324 3575 1371 3636 ‘ut

232 3693 339 3759 dicam
360 3692 449 3777 quod
471 3692 591 3758 sentio:
615 3713 685 3759 rem
700 3693 781 3758 satis
795 3692 928 3777 planam
942 3693 992 3758 vir
1012 3692 1218 3758 doctissimus
1236 3692 1371 3756 nimium

234 3812 409 3878 dividendo
431 3812 726 3898 distinguendoque
740 3813 949 3897 implicatam
970 3811 1131 3878 reddidit'.

320 3931 425 3998 Simul
447 3938 556 3998 autem
575 3939 717 3998 mentem
740 3933 829 3999 subit
848 3933 914 3998 alia
939 3931 1117 3997 meditatio.
1160 3931 1194 3996 Si
1216 3931 1370 3997 Pseuduli

231 4050 338 4116 locum
369 4051 456 4117 hunc
477 4053 547 4137 (57)
570 4053 831 4118 consideramus:
875 4057 988 4117 Lenior
1020 4057 1094 4118 inde
1123 4072 1337 4118 accersam..
1361 4102 1368 4118 .
