3206 4916
714 395 905 456 ..gs-

242 564 303 628 SA.
333 563 375 626 Di
401 563 546 645 deaeque
576 584 627 628 me
656 584 767 628 omnes
789 564 936 646 perdant.
960 602 1001 611 —
1025 569 1074 630 57.
1097 568 1169 629 ibid.
1192 568 1264 627 574·
1303 564 1319 628 Ι
1344 565 1376 627 in

243 684 367 750 malum
397 683 586 749 cruciatum.
630 684 694 749 ΤΟ.
719 683 736 747 I
765 703 859 764 sane,
889 705 959 749 eme
987 683 1072 750 hanc
1102 687 1200 767 atque
1230 685 1379 749 ausculta

243 803 331 870 mihi.
368 804 436 870 DO.
464 803 562 870 Modo
585 803 686 869 sciam
708 803 823 887 quanti
843 803 973 870 indicet.
996 804 1058 869 ΤΟ.
1089 804 1151 869 Vin
1163 805 1229 870 huc
1243 807 1378 870 vocem?

242 924 311 994 Dc.
339 925 409 1008 Ego
430 924 486 991 illo
510 944 680 991 accessero.
707 961 744 970 —-
769 928 819 990 58.
837 930 930 990 Poeo.
954 928 1030 990 434.
1063 925 1099 990 Si
1120 945 1246 1009 nequeo
1269 925 1378 990 facere

244 1051 281 1111 nt
304 1045 421 1125 abeas,
455 1049 583 1128 egomet
610 1047 724 1109 obiero.
745 1080 787 1092 -
811 1049 861 1111 59.
891 1048 964 1111 ibid.
988 1049 1064 1114 867.
1108 1045 1152 1110 At
1171 1066 1253 1111 onus
1274 1050 1379 1128 urget.

243 1165 302 1231 Ml.
328 1166 372 1231 At
392 1171 430 1231 tu
452 1185 579 1250 appone
600 1169 634 1231 et
654 1163 781 1248 respice
803 1164 846 1230 ad
872 1186 932 1230 me.
954 1165 1015 1230 SY.
1034 1170 1161 1232 Fecere.
1175 1203 1215 1214 -
1232 1171 1282 1234 60.
1305 1170 1378 1232 ibid.

244 1290 321 1352 982.
353 1285 459 1352 Adibo
481 1284 524 1350 ad
547 1286 646 1350 hosce
669 1290 769 1369 atque
785 1284 964 1370 appellabo
980 1285 1182 1353 Punice.·Si
1205 1307 1380 1371 respon-

245 1405 419 1487 debunt,
440 1405 747 1490 Punicepergam
766 1405 901 1490 loqui:
936 1406 1087 1489 Sinon,
1109 1413 1193 1474 tum
1211 1406 1381 1474 adhorum

244 1547 352 1592 mores
377 1532 513 1607 liooooro
535 1535 666 1593 vordero.
691 1563 731 1576 -
756 1532 805 1592 61.
827 1531 1017 1593 ibid1285.
1053 1527 1117 1593 Pro
1140 1528 1264 1593 maiore
1285 1532 1381 1613 perte

247 1645 365 1732 prandi
388 1647 506 1733 pignus
536 1647 607 1732 cepi
616 1697 629 1731 ,ι
653 1646 719 1714 abii
749 1646 847 1713 forae.
892 1647 961 1712 Sic
991 1654 1115 1713 dedero.
1145 1669 1221 1714 aere
1248 1647 1381 1713 militari

245 1773 376 1848 tetioero
405 1767 621 1834 lenunculum
644 1806 686 1816 -
709 1773 759 1833 62.
782 1771 894 1834 Pseud.
918 1771 993 1832 332.
1039 1768 1125 1846 Quid
1147 1771 1205 1833 eo‘?
1233 1768 1292 1834 PS.
1320 1769 1381 1834 La-

118 1977 122 1984 ,
245 1890 316 1954 nioe
346 1888 423 1954 inde
453 1909 619 1954 accersam
648 1887 712 1952 duo
743 1909 816 1953 cum
851 1887 1089 1953 tintinnabulis.
1133 1889 1288 1954 Eadem
1318 1888 1381 1954 duo

245 2030 360 2093 greges
389 2008 465 2076 inde
496 2009 676 2073 ulmearum
707 2014 852 2088 odeoero.
874 2046 918 2058 ·-
941 2014 990 2074 63.
1013 2013 1085 2074 idid.
1108 2014 1187 2075 350.
1209 2049 1213 2057 ι
1234 2010 1317 2088 Quin
1345 2015 1382 2075 tu

245 2128 302 2194 ted
332 2127 453 2194 occidis
484 2129 617 2212 potius?
646 2150 722 2194 nam
749 2128 836 2194 hunc
863 2129 967 2194 fames
993 2130 1060 2194 iam
1086 2135 1244 2196 occiderit.
1269 2167 1307 2177 -·
1332 2135 1382 2195 64.

246 2254 318 2315 ibid.
336 2254 413 2315 376.
443 2249 478 2315 Si
499 2255 536 2315 tu
559 2255 730 2333 argentum
747 2249 905 2330 attuleris,
930 2271 1003 2315 cum
1019 2250 1075 2318 illo
1090 2256 1264 2331 perdidero
1277 2250 1383 2316 fidem.

246 2409 289 2420 —
312 2376 362 2436 65.
385 2374 458 2436 ibid.
483 2375 559 2436 476.
595 2369 720 2454 Edepol
743 2371 859 2435 merito
884 2392 955 2437 esse
976 2372 1098 2437 iratum
1119 2371 1263 2438 arbitror
1280 2372 1383 2451 Quom

247 2496 327 2574 aput
349 2494 382 2556 te
404 2496 473 2555 tem
494 2494 629 2573 parvast
651 2489 681 2556 ei
710 2489 801 2554 fides.
847 2491 893 2555 SI.
923 2491 993 2557 Iam
1025 2491 1072 2557 sic
1102 2493 1172 2558 eino
1192 2494 1301 2558 Iratus
1325 2492 1383 2558 sit:

248 2630 322 2693 ego,
344 2630 385 2674 ne
408 2609 488 2692 quid
512 2613 646 2688 noceat,
669 2631 788 2674 eooero.
812 2647 853 2658 -
878 2616 928 2676 66.
951 2615 1024 2677 ibid.
1048 2617 1125 2678 5732
1170 2612 1305 2678 Tibicen
1327 2634 1383 2678 voe
1450 2695 1452 2698 Ι

247 2732 416 2796 interea
436 2729 490 2795 hic
514 2735 720 2795 delerrooerr‘r.
742 2769 786 2778 —
809 2736 858 2796 67.
881 2735 954 2796 ibid.
972 2735 1048 2797 629.
1072 2732 1145 2798 Tibi
1165 2731 1310 2798 libellam
1332 2755 1384 2798 ar-

249 2852 339 2936 genti
362 2871 549 2938 numquam·
569 2851 708 2916 credam.
752 2850 811 2917 PS.
844 2852 929 2917 Dum
959 2857 992 2917 te
1023 2857 1190 2933 strenuas,
1219 2853 1284 2918 Res
1314 2859 1385 2918 erat

249 2972 365 3037 soluta.
409 2971 478 3036 HA.
508 2971 658 3036 Vinctam
678 2972 788 3055 potius
812 2973 859 3038 sic
879 2994 1052 3038 serrorero.
1075 3011 1119 3022 -
1141 2979 1191 3039 68.
1214 2978 1286 3038 ibid.
1307 2978 1383 3038 646.

249 3093 291 3157 Di
313 3091 396 3157 bene
419 3096 558 3156 vortant.
588 3097 623 3156 66
648 3112 724 3175 ego,
763 3091 928 3176 quando
960 3115 1046 3158 eum
1080 3112 1173 3157 esee
1207 3090 1383 3156 censebo

249 3212 353 3291 domi,
384 3216 527 3304 Rediero.
559 3217 597 3276 tu
624 3213 796 3297 epistulam
826 3213 911 3278 hanc
939 3234 959 3277 a
988 3233 1039 3277 me
1071 3211 1183 3294 accipe
1208 3216 1306 3294 atque
1337 3211 1385 3276 illi

250 3332 336 3397 dato.
359 3369 401 3380 -
425 3336 475 3397 69.
499 3336 571 3397 idid.
594 3337 669 3396 721.
704 3331 747 3396 Hi
769 3333 891 3412 sciunt,
915 3333 971 3416 qui
991 3332 1044 3397 hic
1068 3330 1259 3397 adfuerunt:
1293 3332 1385 3398 vobis

249 3456 346 3539 post
374 3473 557 3518 norrooero.
580 3489 623 3500 -
647 3457 697 3518 70.
727 3457 799 3518 ibid.
830 3457 904 3518 761.
950 3452 1007 3518 Set
1038 3453 1117 3537 quid
1154 3474 1188 3519 es
1228 3455 1386 3519 acturus?

250 3573 307 3639 PS.
338 3572 471 3652 Dicam,
500 3571 557 3638 ubi
587 3572 750 3638 hominem
778 3594 976 3640 exornavere
1000 3574 1203 3640 Subditivom
1231 3573 1303 3639 fieri
1326 3594 1386 3656 ego

250 3693 342 3760 illum
364 3692 476 3758 militie
499 3712 624 3758 servom
646 3693 734 3758 volo:
758 3693 948 3759 Sumbolum
969 3695 1056 3759 hunc
1078 3694 1165 3758 ferat
1184 3694 1292 3759 lenoni
1314 3715 1387 3759 cum

252 3815 394 3897 quinque
415 3814 542 3898 argenti
562 3813 667 3893 minis,
690 3813 859 3879 Mulierem
879 3813 921 3878 ab
943 3814 1058 3878 lenone
1085 3811 1237 3879 abducat.
1258 3834 1309 3878 ern
1326 3813 1388 3879 tibi

251 3954 379 3998 omnem
400 3933 555 3999 fabulam.
600 3933 751 3999 Ceterum
777 3955 841 4017 quo
865 3934 1004 4017 quicque
1026 3937 1124 4016 pacto
1154 3933 1271 4013 faciat,
1302 3933 1387 4016 ipsi

253 4059 372 4119 dixero.
395 4092 438 4101 -
460 4061 509 4120 71.
533 4060 614 4130 llud.
637 4058 714 4119 330.
761 4055 794 4119 Si
825 4053 935 4118 videro
964 4058 1177 4133 exquirerem
1212 4053 1310 4118 faciet
1335 4071 1386 4115 me
