3206 4916
199 603 421 688 disputatione
443 622 529 685 qnae
549 601 615 666 huc
636 605 796 686 spectant,
818 600 959 666 subieci:
988 602 1032 686 (p.
1055 603 1142 687 428).
1186 601 1337 668 ‘Disserit

199 746 219 789 a
242 746 273 808 p.
289 729 339 790 66.
359 723 400 788 de
418 722 529 788 futuro
549 726 665 787 exacto
679 722 714 785 in
729 722 785 786 ‘ro’
808 741 848 786 ex
866 726 972 802 eunte,
995 723 1087 788 cuius
1107 745 1211 803 neum,
1234 745 1336 807 quum

198 846 232 910 in
255 865 313 909 sex
328 915 330 920 ,
343 842 517 927 generibus
547 843 782 908 sententiarum
809 847 1002 927 persecutus
1032 848 1134 923 esset,
1160 843 1273 909 multis
1302 845 1336 909 in

198 965 321 1044 Plauti,
343 963 506 1029 nonnullis
527 963 561 1027 in
585 963 729 1028 Terentii
750 963 832 1028 locis
853 963 977 1028 nullum
996 984 1132 1048 prorsus
1154 964 1202 1028 ait
1222 964 1336 1030 (113111-

198 1106 273 1150 men
301 1085 472 1167 ntriusque
500 1083 604 1149 futuri
631 1103 800 1168 apparere.
843 1084 882 1148 ln
909 1103 950 1148 eo
978 1083 1082 1165 idem,
1113 1105 1210 1167 quem
1239 1085 1336 1150 modo

200 1205 303 1288 tetigi,
327 1225 420 1270 error
440 1204 531 1270 latet.
574 1203 659 1269 Nam
686 1202 745 1269 ubi
772 1204 855 1270 nihil
881 1205 1035 1285 interest,
1066 1195 1255 1288 quomodo
1277 1206 1336 1271 ali-

200 1325 279 1409 quid
301 1324 440 1406 dioatur,
462 1315 601 1390 liberum
626 1323 757 1408 quidem
782 1330 848 1406 est,
873 1346 970 1409 quem
991 1325 1123 1392 modum
1145 1327 1219 1409 quis
1240 1347 1336 1410 prae·

200 1447 296 1526 ferat,
319 1445 377 1512 sed
399 1445 463 1530 ipsi
483 1449 595 1510 tamen
615 1445 705 1510 modi
720 1446 863 1511 retinent
882 1451 1035 1512 naturam
1057 1468 1166 1528 suam,
1188 1453 1336 1513 manent·

200 1588 264 1650 que
294 1566 422 1632 diversi.
466 1565 512 1630 Ut
539 1565 635 1645 illud,
662 1567 754 1631 cuius
780 1567 977 1632 mentionem
1005 1567 1069 1633 feci
1099 1568 1187 1652 apud
1208 1568 1271 1634 (lic.
1300 1569 1334 1633 in

199 1688 290 1754 Verr.
328 1687 384 1752 ΙΙΙ.
423 1689 441 1772 ξ
475 1692 545 1752 145.
576 1686 647 1752 ‘nisi
680 1686 729 1751 ita
757 1707 810 1753 ree
839 1686 1014 1752 manifesta
1053 1689 1117 1753 erit
1145 1687 1264 1768 allata,
1298 1693 1336 1754 ut

199 1807 388 1892 responderi
416 1807 498 1872 nihil
519 1808 640 1892 possit,
671 1807 824 1906 vicima?
868 1806 1006 1873 Licebat
1025 1807 1061 1872 id
1083 1808 1191 1873 dicere
1213 1809 1336 1873 ‘vicem-

200 1928 282 1992 mus’
308 1932 341 1992 et
362 1927 555 1993 ‘vincemua’
600 1929 671 2008 Quo
694 1949 735 1992 ex
755 1927 807 1992 his
828 1927 935 1994 tribue
956 1933 1121 2008 uteretur,
1152 1928 1196 1993 ad
1216 1928 1335 1994 verita·

128 2119 137 2133 ‚
199 2051 266 2111 tem
290 2048 470 2112 sententiae
489 2047 570 2112 nihil
590 2048 764 2112 intererat:
793 2067 831 2112 eo
854 2053 965 2114 tamen
986 2070 1052 2113 non
1072 2048 1200 2115 tollitur
1221 2048 1335 2114 discri-

199 2188 282 2247 men,
306 2166 393 2250 quod
415 2169 502 2235 inter
523 2168 607 2233 haec
627 2167 719 2234 verbi
740 2171 890 2252 tempora
910 2169 1103 2250 intercedit,
1134 2169 1193 2234 sed
1214 2191 1274 2254 pro
1296 2191 1335 2236 eo

199 2286 385 2352 discrimine
417 2287 507 2353 alind
536 2288 601 2354 alio
631 2288 773 2353 alacrius
803 2293 837 2353 et
865 2288 983 2354 fortius
1011 2290 1080 2355 eat'
1124 2291 1215 2370 Quae
1234 2290 1336 2356 verba

199 2428 272 2472 cum
305 2429 370 2474 non
399 2413 468 2474 tam
498 2409 752 2474 demonstrantis
789 2430 887 2492 quam
917 2409 1082 2493 opinantis
1111 2415 1235 2491 essent,
1269 2431 1335 2476 non

197 2528 381 2594 mirandum
413 2534 479 2609 331,
516 2528 604 2612 quod
631 2529 780 2614 plerique
809 2530 952 2596 virorum
981 2531 1151 2597 doctorum
1179 2530 1335 2614 Madvigii

198 2654 378 2733 praecepta
399 2649 492 2733 sequi
520 2650 714 2715 maluerunt.
760 2650 857 2717 Velut
878 2650 1126 2736 UssingiuS,
1156 2651 1334 2736 discipulus

199 2768 365 2852 Madvigii,
390 2769 609 2853 compluribus
623 2772 846 2836 commentarii
866 2771 957 2851 lociS,
978 2770 1226 2852 LorenziuS,
1250 2773 1334 2838 eiua-

201 2888 274 2954 dem
308 2889 497 2975 disciplinae
537 2890 702 2972 alumnus,
739 2891 929 2972 Brixius,
966 2890 1207 2956 comoediarum
1238 2891 1334 2956 Plan-

199 3010 343 3075 tinarum
364 3009 472 3075 editor
492 3011 690 3092 notissimus,
713 3012 778 3076 alii.
821 3011 996 3077 Lorenziue
1011 3011 1052 3076 dc
1069 3011 1133 3076 hac
1154 3032 1191 3076 re
1213 3012 1280 3096 egit
1301 3013 1334 3077 in

199 3129 410 3196 adnotatione
433 3130 476 3196 ad
498 3132 592 3198 Most
605 3135 711 3198 590.²:
733 3131 870 3198 Abiero:
893 3132 981 3197 dann
998 3133 1105 3198 werde
1127 3132 1182 3197 ich
1199 3138 1334 3214 sopleieb

198 3248 378 3334 fortgehen.
423 3251 503 3317 Eine
532 3251 592 3318 der
619 3251 803 3336 h'aufigsten
831 3251 972 3319 freieren
993 3253 1245 3338 Anwendungen
1276 3253 1334 3320 des

197 3369 356 3437 Futumm
380 3377 540 3452 exactum,
560 3395 615 3438 um
637 3373 803 3458 dasjenige
822 3396 863 3440 zu
886 3374 1100 3456 bezeichnen,
1130 3395 1196 3440 was
1218 3380 1336 3441 selaeu

197 3491 318 3573 gethan
340 3493 409 3557 sein
432 3483 527 3574 wird,
550 3491 599 3558 oft
621 3493 681 3559 mit
703 3494 777 3560 dem
799 3494 1035 3580 Nebenbegriff
1053 3495 1143 3560 einer
1164 3494 1334 3562 Vereiche-

197 3632 280 3695 rung
305 3612 437 3698 (Bacch.
462 3618 554 3681 1066.
585 3614 639 3679 Aa
663 3620 735 3681 446.
765 3614 841 3699 Mgl.
865 3620 937 3682 863.
966 3616 1017 3681 Ρ3.
1041 3617 1119 3701 350)
1142 3616 1221 3682 oder
1244 3615 1334 3680 einer

198 3730 357 3816 Drohung
368 3735 476 3818 (1174.
494 3735 566 3800 Ter.
587 3735 705 3804 Heaut.
725 3741 794 3802 108.
818 3736 889 3802 Cae.
911 3736 936 3816 I,
959 3742 988 3817 4,
1013 3737 1075 3820 18).
1119 3735 1200 3800 Eine
1222 3735 1333 3800 aweite

197 3851 241 3917 131
262 3852 315 3918 die
335 3874 393 3918 nur
419 3854 647 3939 Bezeichnung
669 3855 758 3922 eines
780 3854 951 3938 kiinftigen
973 3855 1140 3920 Rosultate
1162 3856 1238 3939 (von
1260 3854 1334 3920 dem

197 3992 263 4037 was
286 3971 468 4056 geschehen
490 3975 559 4039 sein
580 3975 662 4041 wind
682 3998 708 4041 z.
724 3976 761 4042 Β.
783 3977 906 4060 1113.);
930 3973 1000 4040 eine
1020 3974 1120 4039 dritta
1141 3975 1186 4039 131
1202 3974 1254 4040 die
1276 3998 1334 4041 nur

197 4091 424 4176 Beneichnung
440 4095 528 4159 eines
543 4099 745 4178 Aofsctuber,
767 4095 945 4163 besondera
969 4096 1029 4160 mit
1049 4116 1120 4160 mox
1134 4095 1238 4181 (Capt.
1259 4099 1333 4180 194)
