3206 4916
701 425 915 484 ..22-

246 600 324 660 296.
370 595 460 659 Haec
490 599 527 659 tu
549 593 679 672 eadem,
709 593 736 658 si
767 592 913 658 confiteri
935 598 998 669 sis,
1029 598 1087 656 tua
1117 613 1193 657 ere
1211 597 1330 671 secatis
1343 591 1378 674 ¹).

245 719 310 780 Mil.
339 719 415 780 297.
468 714 502 779 si
532 713 615 778 falso
643 718 801 779 insimulas
828 711 1116 793 Philocomasium,
1145 712 1209 777 hoc
1229 717 1378 791 perieris.

246 841 309 901 Mil.
334 839 430 900 1243.
476 833 559 898 Nam
589 838 627 899 tu
654 840 687 899 te
715 834 811 899 vilem
838 831 970 914 feceris,
1000 833 1028 899 si
1057 838 1090 898 te
1115 832 1202 898 ultro
1232 837 1378 912 turpiore.

246 961 335 1022 Most.
357 960 434 1020 210.
479 955 529 1020 Tu
549 955 624 1035 iam,
647 954 734 1037 quod
754 953 930 1037 quaeritas
952 952 1064 1034 habes,
1085 952 1190 1018 illoto
1212 952 1275 1017 nisi
1296 973 1377 1017 nmo-

244 1081 287 1141 bit
308 1075 412 1155 ultro,
442 1075 505 1140 Pro
538 1075 645 1158 capite
672 1079 730 1139 tuo
752 1077 910 1157 quantum
933 1071 1031 1152 dedit,
1048 1077 1230 1152 perdiderit
1250 1077 1378 1138 tantum

246 1196 381 1280 argenti.
426 1199 506 1261 ann.
529 1200 603 1260 179.
649 1195 682 1259 Si
705 1192 748 1259 ad
770 1214 893 1272 saxum,
917 1213 981 1276 quo
1003 1197 1146 1272 capessit,
1169 1213 1208 1257 ea
1228 1191 1378 1258 deorsum

245 1322 347 1393 cudit,
376 1314 558 1381 Errationis
582 1319 698 1395 fecerit
725 1311 959 1398 compendium.
1013 1317 1096 1378 Trin.
1127 1316 1203 1378 279.
1249 1312 1378 1377 Feceris

243 1457 305 1520 par
325 1435 391 1501 tuis
414 1435 531 1500 ceteris
561 1433 672 1516 factis,
702 1436 736 1500 Si
757 1438 885 1519 patrem
904 1433 1060 1517 percoles.
1109 1437 1197 1498 Trito.
1223 1436 1299 1497 875.
1343 1432 1378 1497 Si

243 1563 363 1638 cofors,
386 1577 406 1620 a
429 1555 532 1620 milite
554 1555 657 1622 omnis
679 1560 749 1621 tum
771 1576 847 1639 spes
870 1554 1011 1619 animam
1032 1558 1191 1635 efflaverit.

775 1847 844 1929 sc.

328 2035 366 2100 In
399 2035 445 2099 eis
474 2054 558 2117 quae
586 2054 627 2097 ex
654 2033 749 2116 posui
776 2053 827 2096 me
857 2031 1013 2096 causidici
1041 2033 1200 2097 rationem
1230 2039 1378 2100 secutum

244 2176 315 2220 esse
339 2176 403 2219 non
426 2152 578 2234 deerunt,
609 2153 665 2236 qui
688 2152 903 2233 contendant;
932 2173 997 2217 non
1020 2151 1161 2219 diffiteor
1183 2154 1321 2218 remita
1343 2175 1378 2220 se

243 2275 384 2357 habere,
418 2295 480 2339 nec
514 2273 694 2357 quidquam
728 2274 968 2339 demonstrasse
997 2293 1050 2338 me
1082 2278 1161 2358 puto
1198 2273 1262 2338 nisi
1298 2275 1377 2340 hoc:

243 2395 445 2479 Madvigii
475 2395 683 2459 rationem
713 2392 1039 2478 haudquaquam
1064 2414 1155 2459 esse
1177 2415 1377 2460 necessa·

243 2516 365 2596 riam,
396 2515 423 2580 si
454 2513 584 2596 quidem
612 2513 748 2596 triginta
778 2514 921 2597 quinque
949 2514 1098 2598 exempla
1129 2535 1253 2579 meram
1274 2513 1377 2580 futuri

243 2635 307 2699 vim
338 2634 491 2699 exhibere
520 2634 591 2718 ipse
620 2634 744 2698 statuit.
790 2631 854 2698 Sed
882 2653 981 2717 porro
1009 2634 1282 2718 progrediendum
1304 2655 1375 2699 esse

242 2758 323 2838 puto
347 2758 380 2818 et
401 2774 485 2838 nego
506 2753 597 2819 illam
619 2753 779 2818 rationem
801 2753 852 2818 vel
873 2753 1145 2838 probabilem
1175 2775 1252 2820 esse.
1296 2755 1374 2818 Pro-

242 2875 428 2940 ficiscamur
450 2874 492 2940 ab
513 2875 680 2940 enuntiato
702 2874 781 2940 hoc:
805 2879 872 2962 Epo
890 2882 1023 2955 secero·
1055 2875 1089 2939 Si
1111 2874 1283 2940 scribimus
1305 2879 1376 2939 ‘iam

244 3015 300 3076 epo
318 3001 438 3075 secero’
461 3016 501 3060 ex
521 2994 677 3078 Madvigii
698 2994 848 3060 doctrina
870 2999 928 3060 aut
950 2994 1127 3059 celeritatis
1149 2999 1207 3059 aut
1227 2995 1377 3060 minatio-

243 3115 293 3179 nis
317 3117 375 3179 aut
395 3115 617 3197 promissionis
639 3115 704 3178 vim
723 3114 837 3195 habet3
858 3115 886 3179 si
908 3114 1078 3180 scribimus
1101 3119 1231 3178 ‘interim
1253 3120 1311 3180 icc
1327 3122 1376 3195 se-

243 3233 324 3299 cero’
345 3234 452 3300 animo
470 3233 663 3299 observatur
685 3234 832 3299 ‘actionis
851 3235 940 3299 intra
960 3235 1116 3317 temporis
1138 3234 1280 3317 spatium
1302 3255 1377 3299 con-

242 3353 352 3419 clusae
373 3353 447 3419 finis
468 3358 501 3421 et
519 3352 656 3420 ulterius
675 3353 830 3438 tempus’;
853 3353 880 3418 si
892 3352 1063 3430 scribimus
1081 3359 1159 3418 ‘mox
1182 3374 1238 3434 epo
1255 3355 1376 3436 fecero'

315 3647 339 3714 l)
358 3633 486 3712 Quocum
494 3645 659 3700 conferenda
679 3647 834 3702 sunthaec:
854 3632 934 3700 Cure.
952 3647 1012 3701 664.
1043 3645 1113 3713 Quid
1129 3643 1224 3701 dotis?
1258 3631 1375 3711 Egone?

242 3740 274 3789 nt
290 3747 398 3801 semper
415 3731 478 3786 dum
495 3731 567 3787 virm
590 3747 635 3786 me
654 3732 718 3788 alat.
753 3731 833 3788 Ultro
858 3731 951 3788 hercle
976 3733 1055 3788 dico:
1080 3748 1122 3786 mo
1141 3731 1251 3785 lubente
1268 3726 1376 3783 feceris.

244 3818 330 3872 Stich.
348 3819 408 3872 473.
445 3815 583 3885 Promitte,
602 3824 740 3874 certumst.
774 3819 819 3873 Sic
837 3819 897 3874 face
919 3820 1040 3889 inquam.
1077 3819 1158 3874 Corte
1180 3831 1234 3871 res.
1252 3815 1377 3871 Lubente

243 3903 395 3958 mehercle
412 3903 507 3958 tocies.
543 3904 616 3960 Idem
633 3920 683 3974 ego
697 3906 769 3961 istuc
783 3905 848 3960 scio.
884 3905 984 3974 Amph.
1001 3906 1060 3958 647.
1096 3904 1205 3971 Mulier,
1222 3901 1302 3957 istam
1320 3917 1377 3956 rem

242 3987 399 4055 inquisitam
416 3994 545 4046 certumst
558 4007 613 4046 non
628 3992 759 4047 amittere.
786 3991 895 4061 Edepol
910 4007 953 4047 ms
967 3991 1080 4045 lubente
1095 3988 1188 4045 facies.
1225 3988 1295 4055 Quid
1311 3988 1376 4044 ais?

243 4073 380 4144 responde
397 4074 471 4128 mihi.
