<?xml version="1.0" encoding="UTF-8"?>
<!DOCTYPE html PUBLIC "-//W3C//DTD XHTML 1.0 Transitional//EN"
    "http://www.w3.org/TR/xhtml1/DTD/xhtml1-transitional.dtd">
<html xmlns="http://www.w3.org/1999/xhtml" xml:lang="en" lang="en">
 <head>
  <title>
</title>
<meta http-equiv="Content-Type" content="text/html;charset=utf-8" />
  <meta name='ocr-system' content='tesseract 3.04.00' />
  <meta name='ocr-capabilities' content='ocr_page ocr_carea ocr_par ocr_line ocrx_word'/>
</head>
<body>
  <div class='ocr_page' id='page_1' title='image "./defuturiexactiu00meifgoog_0022.png"; bbox 0 0 3206 4916; ppageno 0'>
   <div class='ocr_carea' id='block_1_1' title="bbox 713 421 926 484">
    <p class='ocr_par' dir='ltr' id='par_1_1' title="bbox 713 421 926 484">
     <span class='ocr_line' id='line_1_1' title="bbox 713 421 926 484; baseline 0.009 -16"><span class='ocrx_word' id='word_1_1' title='bbox 713 421 926 484; x_wconf 68' lang='lat'><strong>‚15-</strong></span> 
     </span>
    </p>
   </div>
   <div class='ocr_carea' id='block_1_2' title="bbox 250 590 1389 1999">
    <p class='ocr_par' dir='ltr' id='par_1_2' title="bbox 251 590 1389 1276">
     <span class='ocr_line' id='line_1_2' title="bbox 252 590 1389 676; baseline 0.003 -21"><span class='ocrx_word' id='word_1_2' title='bbox 252 590 347 655; x_wconf 87' lang='lat' dir='ltr'><strong>Most.</strong></span> <span class='ocrx_word' id='word_1_3' title='bbox 375 594 466 655; x_wconf 89' lang='lat'>1131.</span> <span class='ocrx_word' id='word_1_4' title='bbox 489 595 635 656; x_wconf 75' lang='lat' dir='ltr'><em>Promitte</em></span> <span class='ocrx_word' id='word_1_5' title='bbox 656 611 765 674; x_wconf 70' lang='lat' dir='ltr'><strong>...ego</strong></span> <span class='ocrx_word' id='word_1_6' title='bbox 788 595 837 656; x_wconf 80' lang='lat' dir='ltr'><strong>ibo</strong></span> <span class='ocrx_word' id='word_1_7' title='bbox 858 611 918 676; x_wconf 90' lang='lat' dir='ltr'><strong>pro</strong></span> <span class='ocrx_word' id='word_1_8' title='bbox 938 597 980 656; x_wconf 85' lang='lat' dir='ltr'><strong>te.</strong></span> <span class='ocrx_word' id='word_1_9' title='bbox 1012 590 1094 657; x_wconf 88' lang='lat' dir='ltr'><strong>Rud.</strong></span> <span class='ocrx_word' id='word_1_10' title='bbox 1120 596 1211 658; x_wconf 95' lang='grc'><strong>1007.</strong></span> <span class='ocrx_word' id='word_1_11' title='bbox 1245 593 1389 659; x_wconf 83' lang='lat' dir='ltr'>Verbum</span> 
     </span>
     <span class='ocr_line' id='line_1_3' title="bbox 253 711 1389 797; baseline 0.004 -22"><span class='ocrx_word' id='word_1_12' title='bbox 253 711 351 777; x_wconf 87' lang='lat' dir='ltr'><strong>etiam</strong></span> <span class='ocrx_word' id='word_1_13' title='bbox 374 717 593 790; x_wconf 72' lang='lat' dir='ltr'><strong>cotteanum,</strong></span> <span class='ocrx_word' id='word_1_14' title='bbox 624 712 691 776; x_wconf 88' lang='lat' dir='ltr'><strong>iam</strong></span> <span class='ocrx_word' id='word_1_15' title='bbox 721 732 782 795; x_wconf 88' lang='lat' dir='ltr'><strong>ego</strong></span> <span class='ocrx_word' id='word_1_16' title='bbox 811 713 845 776; x_wconf 94' lang='lat' dir='ltr'><strong>in</strong></span> <span class='ocrx_word' id='word_1_17' title='bbox 876 711 1011 778; x_wconf 89' lang='lat' dir='ltr'><strong>cerebro</strong></span> <span class='ocrx_word' id='word_1_18' title='bbox 1035 711 1189 797; x_wconf 88' lang='lat' dir='ltr'><strong>colaphos</strong></span> <span class='ocrx_word' id='word_1_19' title='bbox 1209 717 1389 779; x_wconf 80' lang='lat' dir='ltr'><strong>abstrudam</strong></span> 
     </span>
     <span class='ocr_line' id='line_1_4' title="bbox 252 831 1388 917; baseline 0.002 -21"><span class='ocrx_word' id='word_1_20' title='bbox 252 836 324 910; x_wconf 81' lang='lat' dir='ltr'><strong>tuo,</strong></span> <span class='ocrx_word' id='word_1_21' title='bbox 357 831 423 897; x_wconf 87' lang='lat' dir='ltr'><strong>alia</strong></span> <span class='ocrx_word' id='word_1_22' title='bbox 444 832 556 899; x_wconf 88' lang='lat' dir='ltr'><strong>multa.</strong></span> <span class='ocrx_word' id='word_1_23' title='bbox 602 833 761 911; x_wconf 83' lang='lat' dir='ltr'><strong>Quartum</strong></span> <span class='ocrx_word' id='word_1_24' title='bbox 791 831 930 914; x_wconf 91' lang='lat' dir='ltr'><strong>denique</strong></span> <span class='ocrx_word' id='word_1_25' title='bbox 954 832 1139 916; x_wconf 86' lang='lat' dir='ltr'><strong>exemplum</strong></span> <span class='ocrx_word' id='word_1_26' title='bbox 1159 833 1229 917; x_wconf 84' lang='grc'><strong>(46)</strong></span> <span class='ocrx_word' id='word_1_27' title='bbox 1245 833 1294 898; x_wconf 86' lang='lat' dir='ltr'><strong>¹ab</strong></span> <span class='ocrx_word' id='word_1_28' title='bbox 1316 834 1388 898; x_wconf 94' lang='lat' dir='ltr'><strong>illo·</strong></span> 
     </span>
     <span class='ocr_line' id='line_1_5' title="bbox 251 951 1387 1036; baseline 0.004 -20"><span class='ocrx_word' id='word_1_29' title='bbox 251 973 324 1016; x_wconf 91' lang='lat' dir='ltr'><strong>rum</strong></span> <span class='ocrx_word' id='word_1_30' title='bbox 350 951 507 1018; x_wconf 90' lang='lat' dir='ltr'><strong>societate</strong></span> <span class='ocrx_word' id='word_1_31' title='bbox 538 953 704 1036; x_wconf 86' lang='lat' dir='ltr'><strong>segregari</strong></span> <span class='ocrx_word' id='word_1_32' title='bbox 734 952 788 1017; x_wconf 85' lang='lat' dir='ltr'><strong>vix</strong></span> <span class='ocrx_word' id='word_1_33' title='bbox 816 952 946 1035; x_wconf 89' lang='lat' dir='ltr'><strong>poterit.</strong></span> <span class='ocrx_word' id='word_1_34' title='bbox 991 951 1105 1035; x_wconf 81' lang='lat' dir='ltr'>Neque</span> <span class='ocrx_word' id='word_1_35' title='bbox 1133 953 1241 1036; x_wconf 90' lang='lat' dir='ltr'><strong>ipsum</strong></span> <span class='ocrx_word' id='word_1_36' title='bbox 1263 953 1387 1020; x_wconf 86' lang='lat' dir='ltr'><strong>Madvi-</strong></span> 
     </span>
     <span class='ocr_line' id='line_1_6' title="bbox 253 1071 1389 1159; baseline 0.004 -23"><span class='ocrx_word' id='word_1_37' title='bbox 253 1072 341 1154; x_wconf 90' lang='lat' dir='ltr'><strong>gium</strong></span> <span class='ocrx_word' id='word_1_38' title='bbox 376 1072 556 1138; x_wconf 88' lang='lat' dir='ltr'><strong>sententiae</strong></span> <span class='ocrx_word' id='word_1_39' title='bbox 593 1092 672 1140; x_wconf 88' lang='lat' dir='ltr'><strong>suae</strong></span> <span class='ocrx_word' id='word_1_40' title='bbox 708 1076 853 1137; x_wconf 79' lang='lat' dir='ltr'>tenacem</span> <span class='ocrx_word' id='word_1_41' title='bbox 886 1071 973 1152; x_wconf 83' lang='lat' dir='ltr'><strong>fore,</strong></span> <span class='ocrx_word' id='word_1_42' title='bbox 1015 1072 1116 1138; x_wconf 84' lang='lat' dir='ltr'><strong>verba</strong></span> <span class='ocrx_word' id='word_1_43' title='bbox 1153 1075 1389 1159; x_wconf 88' lang='lat' dir='ltr'><strong>supraposita</strong></span> 
     </span>
     <span class='ocr_line' id='line_1_7' title="bbox 251 1192 1387 1276; baseline 0.004 -20"><span class='ocrx_word' id='word_1_44' title='bbox 251 1197 365 1276; x_wconf 91' lang='lat' dir='ltr'><strong>aperte</strong></span> <span class='ocrx_word' id='word_1_45' title='bbox 386 1192 541 1260; x_wconf 89' lang='lat' dir='ltr'><strong>indicant.</strong></span> <span class='ocrx_word' id='word_1_46' title='bbox 585 1193 637 1258; x_wconf 91' lang='lat' dir='ltr'><strong>Ita</strong></span> <span class='ocrx_word' id='word_1_47' title='bbox 658 1192 721 1258; x_wconf 90' lang='lat' dir='ltr'><strong>hoc</strong></span> <span class='ocrx_word' id='word_1_48' title='bbox 739 1197 867 1258; x_wconf 83' lang='lat' dir='ltr'><strong>sextum</strong></span> <span class='ocrx_word' id='word_1_49' title='bbox 890 1213 991 1276; x_wconf 88' lang='lat' dir='ltr'><strong>genus</strong></span> <span class='ocrx_word' id='word_1_50' title='bbox 1014 1192 1228 1258; x_wconf 91' lang='lat' dir='ltr'><strong>omittendum</strong></span> <span class='ocrx_word' id='word_1_51' title='bbox 1249 1193 1387 1260; x_wconf 83' lang='lat' dir='ltr'><strong>videtur.</strong></span> 
     </span>
    </p>

    <p class='ocr_par' dir='ltr' id='par_1_3' title="bbox 250 1312 1388 1999">
     <span class='ocr_line' id='line_1_8' title="bbox 338 1312 1388 1398; baseline 0.001 -19"><span class='ocrx_word' id='word_1_52' title='bbox 338 1314 535 1393; x_wconf 82' lang='lat' dir='ltr'><strong>Quintum</strong></span> <span class='ocrx_word' id='word_1_53' title='bbox 560 1312 715 1396; x_wconf 82' lang='lat' dir='ltr'><strong>Madvigii</strong></span> <span class='ocrx_word' id='word_1_54' title='bbox 747 1334 877 1396; x_wconf 90' lang='lat' dir='ltr'><strong>genus</strong></span> <span class='ocrx_word' id='word_1_55' title='bbox 908 1314 942 1380; x_wconf 93' lang='lat' dir='ltr'><strong>in</strong></span> <span class='ocrx_word' id='word_1_56' title='bbox 973 1313 1019 1378; x_wconf 89' lang='lat' dir='ltr'><strong>eis</strong></span> <span class='ocrx_word' id='word_1_57' title='bbox 1042 1313 1199 1398; x_wconf 90' lang='lat' dir='ltr'><strong>exemplis</strong></span> <span class='ocrx_word' id='word_1_58' title='bbox 1227 1320 1388 1396; x_wconf 83' lang='lat' dir='ltr'><strong>versatur,</strong></span> 
     </span>
     <span class='ocr_line' id='line_1_9' title="bbox 255 1432 1387 1517; baseline -0.001 -18"><span class='ocrx_word' id='word_1_59' title='bbox 255 1432 373 1516; x_wconf 93' lang='lat' dir='ltr'><strong>quibus</strong></span> <span class='ocrx_word' id='word_1_60' title='bbox 395 1433 444 1498; x_wconf 90' lang='lat' dir='ltr'><strong>rei</strong></span> <span class='ocrx_word' id='word_1_61' title='bbox 466 1433 604 1499; x_wconf 89' lang='lat' dir='ltr'><strong>alicuius</strong></span> <span class='ocrx_word' id='word_1_62' title='bbox 626 1433 740 1500; x_wconf 88' lang='lat' dir='ltr'><strong>dilatio</strong></span> <span class='ocrx_word' id='word_1_63' title='bbox 769 1435 962 1499; x_wconf 80' lang='lat' dir='ltr'><strong>continetur.</strong></span> <span class='ocrx_word' id='word_1_64' title='bbox 1007 1433 1105 1499; x_wconf 81' lang='lat' dir='ltr'><strong>Cuius</strong></span> <span class='ocrx_word' id='word_1_65' title='bbox 1135 1434 1300 1499; x_wconf 79' lang='lat' dir='ltr'><strong>dilationis</strong></span> <span class='ocrx_word' id='word_1_66' title='bbox 1324 1435 1387 1517; x_wconf 84' lang='lat' dir='ltr'><strong>sig·</strong></span> 
     </span>
     <span class='ocr_line' id='line_1_10' title="bbox 251 1553 1387 1639; baseline 0.001 -21"><span class='ocrx_word' id='word_1_67' title='bbox 251 1575 328 1618; x_wconf 91' lang='lat' dir='ltr'><strong>num</strong></span> <span class='ocrx_word' id='word_1_68' title='bbox 350 1553 443 1618; x_wconf 86' lang='lat' dir='ltr'><strong>‘mox&#39;</strong></span> <span class='ocrx_word' id='word_1_69' title='bbox 466 1558 500 1618; x_wconf 88' lang='lat' dir='ltr'><strong>et</strong></span> <span class='ocrx_word' id='word_1_70' title='bbox 520 1554 613 1639; x_wconf 88' lang='lat' dir='ltr'><strong>‘post&#39;</strong></span> <span class='ocrx_word' id='word_1_71' title='bbox 636 1553 819 1639; x_wconf 79' lang='lat' dir='ltr'><strong>particulae</strong></span> <span class='ocrx_word' id='word_1_72' title='bbox 842 1558 918 1620; x_wconf 90' lang='lat' dir='ltr'><strong>sunt</strong></span> <span class='ocrx_word' id='word_1_73' title='bbox 938 1554 1129 1638; x_wconf 81' lang='lat' dir='ltr'><strong>saepissime</strong></span> <span class='ocrx_word' id='word_1_74' title='bbox 1150 1555 1306 1620; x_wconf 91' lang='lat' dir='ltr'><strong>adiectae.</strong></span> <span class='ocrx_word' id='word_1_75' title='bbox 1350 1557 1387 1620; x_wconf 90' lang='lat' dir='ltr'><strong>ln</strong></span> 
     </span>
     <span class='ocr_line' id='line_1_11' title="bbox 250 1673 1387 1770; baseline 0.002 -32"><span class='ocrx_word' id='word_1_76' title='bbox 250 1673 313 1739; x_wconf 91' lang='lat' dir='ltr'><strong>hoc</strong></span> <span class='ocrx_word' id='word_1_77' title='bbox 325 1693 443 1770; x_wconf 84' lang='lat' dir='ltr'><strong>genere</strong></span> <span class='ocrx_word' id='word_1_78' title='bbox 459 1674 653 1740; x_wconf 88' lang='lat' dir='ltr'><strong>vindicando</strong></span> <span class='ocrx_word' id='word_1_79' title='bbox 663 1675 845 1758; x_wconf 85' lang='lat' dir='ltr'><strong>Madvigius</strong></span> <span class='ocrx_word' id='word_1_80' title='bbox 856 1680 894 1740; x_wconf 93' lang='lat' dir='ltr'><strong>ut</strong></span> <span class='ocrx_word' id='word_1_81' title='bbox 913 1675 1120 1757; x_wconf 76' lang='lat' dir='ltr'><strong>sagacissime</strong></span> <span class='ocrx_word' id='word_1_82' title='bbox 1136 1676 1185 1740; x_wconf 89' lang='lat' dir='ltr'><strong>ita</strong></span> <span class='ocrx_word' id='word_1_83' title='bbox 1200 1675 1387 1740; x_wconf 89' lang='lat' dir='ltr'><strong>artificosis-</strong></span> 
     </span>
     <span class='ocr_line' id='line_1_12' title="bbox 253 1795 1387 1878; baseline 0.001 -18"><span class='ocrx_word' id='word_1_84' title='bbox 253 1795 333 1860; x_wconf 89' lang='lat' dir='ltr'><strong>sime</strong></span> <span class='ocrx_word' id='word_1_85' title='bbox 359 1815 426 1860; x_wconf 90' lang='lat' dir='ltr'><strong>rem</strong></span> <span class='ocrx_word' id='word_1_86' title='bbox 451 1795 580 1861; x_wconf 87' lang='lat' dir='ltr'><strong>videtur</strong></span> <span class='ocrx_word' id='word_1_87' title='bbox 601 1796 798 1862; x_wconf 81' lang='lat' dir='ltr'><strong>instituisse:</strong></span> <span class='ocrx_word' id='word_1_88' title='bbox 829 1795 886 1860; x_wconf 92' lang='lat' dir='ltr'><strong>sed</strong></span> <span class='ocrx_word' id='word_1_89' title='bbox 908 1796 936 1859; x_wconf 93' lang='lat' dir='ltr'><strong>si</strong></span> <span class='ocrx_word' id='word_1_90' title='bbox 961 1795 1031 1861; x_wconf 92' lang='lat' dir='ltr'><strong>eius</strong></span> <span class='ocrx_word' id='word_1_91' title='bbox 1053 1795 1214 1860; x_wconf 89' lang='lat' dir='ltr'><strong>rationem</strong></span> <span class='ocrx_word' id='word_1_92' title='bbox 1235 1815 1387 1878; x_wconf 89' lang='lat' dir='ltr'><strong>sequere-</strong></span> 
     </span>
     <span class='ocr_line' id='line_1_13' title="bbox 251 1914 1387 1999; baseline 0.001 -20"><span class='ocrx_word' id='word_1_93' title='bbox 251 1937 324 1981; x_wconf 90' lang='lat' dir='ltr'><strong>mur</strong></span> <span class='ocrx_word' id='word_1_94' title='bbox 345 1915 463 1980; x_wconf 87' lang='lat' dir='ltr'><strong>mirum</strong></span> <span class='ocrx_word' id='word_1_95' title='bbox 479 1920 574 1995; x_wconf 84' lang='lat' dir='ltr'><strong>esset,</strong></span> <span class='ocrx_word' id='word_1_96' title='bbox 597 1916 684 1998; x_wconf 90' lang='lat' dir='ltr'><strong>quod</strong></span> <span class='ocrx_word' id='word_1_97' title='bbox 705 1921 774 1980; x_wconf 90' lang='lat' dir='ltr'><strong>tam</strong></span> <span class='ocrx_word' id='word_1_98' title='bbox 791 1935 899 1998; x_wconf 90' lang='lat' dir='ltr'><strong>pauca</strong></span> <span class='ocrx_word' id='word_1_99' title='bbox 913 1914 1010 1980; x_wconf 92' lang='lat' dir='ltr'><strong>huius</strong></span> <span class='ocrx_word' id='word_1_100' title='bbox 1032 1935 1110 1980; x_wconf 92' lang='lat' dir='ltr'><strong>usus</strong></span> <span class='ocrx_word' id='word_1_101' title='bbox 1127 1914 1276 1999; x_wconf 87' lang='lat' dir='ltr'><strong>exempla</strong></span> <span class='ocrx_word' id='word_1_102' title='bbox 1299 1916 1387 1999; x_wconf 90' lang='lat' dir='ltr'><strong>apud</strong></span> 
     </span>
    </p>
   </div>
   <div class='ocr_carea' id='block_1_3' title="bbox 155 2032 1386 2121">
    <p class='ocr_par' dir='ltr' id='par_1_4' title="bbox 155 2032 1386 2121">
     <span class='ocr_line' id='line_1_14' title="bbox 155 2032 1386 2121; baseline 0.004 -24"><span class='ocrx_word' id='word_1_103' title='bbox 155 2032 157 2041; x_wconf 79' lang='grc'><strong>“</strong></span> <span class='ocrx_word' id='word_1_104' title='bbox 250 2034 402 2100; x_wconf 85' lang='lat' dir='ltr'><strong>Plautum</strong></span> <span class='ocrx_word' id='word_1_105' title='bbox 445 2039 620 2100; x_wconf 88' lang='lat' dir='ltr'><strong>exstarent.</strong></span> <span class='ocrx_word' id='word_1_106' title='bbox 672 2035 826 2118; x_wconf 83' lang='lat' dir='ltr'><strong>Congessi</strong></span> <span class='ocrx_word' id='word_1_107' title='bbox 855 2036 946 2100; x_wconf 89' lang='lat' dir='ltr'><strong>locos</strong></span> <span class='ocrx_word' id='word_1_108' title='bbox 982 2035 1156 2119; x_wconf 87' lang='lat' dir='ltr'><strong>plurimos,</strong></span> <span class='ocrx_word' id='word_1_109' title='bbox 1195 2057 1235 2100; x_wconf 84' lang='lat' dir='ltr'><strong>ex</strong></span> <span class='ocrx_word' id='word_1_110' title='bbox 1268 2035 1386 2121; x_wconf 92' lang='lat' dir='ltr'><strong>quibus</strong></span> 
     </span>
    </p>
   </div>
   <div class='ocr_carea' id='block_1_4' title="bbox 249 2154 1387 3683">
    <p class='ocr_par' dir='ltr' id='par_1_5' title="bbox 249 2154 1387 3683">
     <span class='ocr_line' id='line_1_15' title="bbox 251 2154 1386 2241; baseline 0.003 -22"><span class='ocrx_word' id='word_1_111' title='bbox 251 2155 459 2238; x_wconf 87' lang='lat' dir='ltr'><strong>gravissimos</strong></span> <span class='ocrx_word' id='word_1_112' title='bbox 481 2154 630 2220; x_wconf 88' lang='lat' dir='ltr'><strong>subicere</strong></span> <span class='ocrx_word' id='word_1_113' title='bbox 648 2156 755 2222; x_wconf 79' lang='lat' dir='ltr'><strong>liceat.</strong></span> <span class='ocrx_word' id='word_1_114' title='bbox 779 2194 822 2203; x_wconf 95' lang='lat'>—</span> <span class='ocrx_word' id='word_1_115' title='bbox 844 2155 959 2239; x_wconf 87' lang='lat' dir='ltr'><strong>Amph.</strong></span> <span class='ocrx_word' id='word_1_116' title='bbox 984 2161 1033 2221; x_wconf 84' lang='lat'><strong>50.</strong></span> <span class='ocrx_word' id='word_1_117' title='bbox 1078 2155 1172 2221; x_wconf 90' lang='lat' dir='ltr'><strong>Nunc</strong></span> <span class='ocrx_word' id='word_1_118' title='bbox 1196 2177 1294 2241; x_wconf 89' lang='lat' dir='ltr'><strong>quam</strong></span> <span class='ocrx_word' id='word_1_119' title='bbox 1317 2179 1386 2222; x_wconf 91' lang='lat' dir='ltr'><strong>rem</strong></span> 
     </span>
     <span class='ocr_line' id='line_1_16' title="bbox 250 2275 1386 2361; baseline 0.004 -22"><span class='ocrx_word' id='word_1_120' title='bbox 250 2280 379 2342; x_wconf 91' lang='lat' dir='ltr'><strong>oratum</strong></span> <span class='ocrx_word' id='word_1_121' title='bbox 398 2275 464 2340; x_wconf 92' lang='lat' dir='ltr'><strong>huc</strong></span> <span class='ocrx_word' id='word_1_122' title='bbox 485 2276 558 2342; x_wconf 81' lang='lat' dir='ltr'><strong>veni</strong></span> <span class='ocrx_word' id='word_1_123' title='bbox 572 2277 714 2360; x_wconf 90' lang='lat' dir='ltr'><strong>primum</strong></span> <span class='ocrx_word' id='word_1_124' title='bbox 728 2277 921 2361; x_wconf 88' lang='lat' dir='ltr'><strong>proloquar:</strong></span> <span class='ocrx_word' id='word_1_125' title='bbox 944 2276 1023 2342; x_wconf 85' lang='lat' dir='ltr'><strong>Post</strong></span> <span class='ocrx_word' id='word_1_126' title='bbox 1044 2281 1272 2360; x_wconf 84' lang='lat' dir='ltr'><strong>argumentum</strong></span> <span class='ocrx_word' id='word_1_127' title='bbox 1289 2278 1386 2343; x_wconf 92' lang='lat' dir='ltr'><strong>huius</strong></span> 
     </span>
     <span class='ocr_line' id='line_1_17' title="bbox 251 2395 1387 2480; baseline 0.003 -20"><span class='ocrx_word' id='word_1_128' title='bbox 251 2395 387 2478; x_wconf 92' lang='lat' dir='ltr'><strong>eloquar</strong></span> <span class='ocrx_word' id='word_1_129' title='bbox 413 2396 613 2480; x_wconf 89' lang='lat' dir='ltr'><strong>tragoediae.</strong></span> <span class='ocrx_word' id='word_1_130' title='bbox 636 2435 674 2444; x_wconf 89' lang='lat'>-</span> <span class='ocrx_word' id='word_1_131' title='bbox 699 2396 778 2462; x_wconf 92' lang='lat' dir='ltr'><strong>ibid.</strong></span> <span class='ocrx_word' id='word_1_132' title='bbox 809 2402 881 2463; x_wconf 93' lang='grc'><strong>875.</strong></span> <span class='ocrx_word' id='word_1_133' title='bbox 926 2397 1031 2464; x_wconf 92' lang='lat' dir='ltr'><strong>Hodie</strong></span> <span class='ocrx_word' id='word_1_134' title='bbox 1053 2397 1300 2466; x_wconf 87' lang='lat' dir='ltr'><strong>frustrationem</strong></span> <span class='ocrx_word' id='word_1_135' title='bbox 1322 2399 1387 2463; x_wconf 89' lang='lat' dir='ltr'><strong>ini-</strong></span> 
     </span>
     <span class='ocr_line' id='line_1_18' title="bbox 251 2516 1385 2602; baseline 0.004 -22"><span class='ocrx_word' id='word_1_136' title='bbox 251 2516 335 2581; x_wconf 90' lang='lat' dir='ltr'><strong>ciam</strong></span> <span class='ocrx_word' id='word_1_137' title='bbox 356 2537 550 2582; x_wconf 88' lang='lat' dir='ltr'><strong>maxumam.</strong></span> <span class='ocrx_word' id='word_1_138' title='bbox 595 2517 674 2586; x_wconf 85' lang='lat' dir='ltr'><strong>Post</strong></span> <span class='ocrx_word' id='word_1_139' title='bbox 694 2517 795 2600; x_wconf 91' lang='lat' dir='ltr'><strong>igitur</strong></span> <span class='ocrx_word' id='word_1_140' title='bbox 817 2516 947 2582; x_wconf 91' lang='lat' dir='ltr'><strong>demum</strong></span> <span class='ocrx_word' id='word_1_141' title='bbox 968 2518 1087 2583; x_wconf 87' lang='lat' dir='ltr'><strong>faciam</strong></span> <span class='ocrx_word' id='word_1_142' title='bbox 1113 2539 1166 2584; x_wconf 89' lang='lat' dir='ltr'><strong>res</strong></span> <span class='ocrx_word' id='word_1_143' title='bbox 1187 2518 1246 2584; x_wconf 88' lang='lat' dir='ltr'><strong>fiat</strong></span> <span class='ocrx_word' id='word_1_144' title='bbox 1266 2519 1385 2602; x_wconf 92' lang='lat' dir='ltr'><strong>palam.</strong></span> 
     </span>
     <span class='ocr_line' id='line_1_19' title="bbox 250 2636 1387 2722; baseline 0 -21"><span class='ocrx_word' id='word_1_145' title='bbox 250 2637 304 2701; x_wconf 87' lang='lat' dir='ltr'><strong>As.</strong></span> <span class='ocrx_word' id='word_1_146' title='bbox 330 2641 399 2702; x_wconf 92' lang='grc'><strong>137.</strong></span> <span class='ocrx_word' id='word_1_147' title='bbox 418 2637 559 2703; x_wconf 91' lang='lat' dir='ltr'><strong>Posthac</strong></span> <span class='ocrx_word' id='word_1_148' title='bbox 579 2636 640 2704; x_wconf 92' lang='lat' dir='ltr'><strong>tibi</strong></span> <span class='ocrx_word' id='word_1_149' title='bbox 657 2637 743 2706; x_wconf 82' lang='lat' dir='ltr'><strong>Male</strong></span> <span class='ocrx_word' id='word_1_150' title='bbox 767 2637 855 2720; x_wconf 91' lang='lat' dir='ltr'><strong>quod</strong></span> <span class='ocrx_word' id='word_1_151' title='bbox 869 2643 984 2721; x_wconf 90' lang='lat' dir='ltr'><strong>potero</strong></span> <span class='ocrx_word' id='word_1_152' title='bbox 1008 2638 1126 2719; x_wconf 87' lang='lat' dir='ltr'><strong>iacere,</strong></span> <span class='ocrx_word' id='word_1_153' title='bbox 1148 2639 1276 2704; x_wconf 87' lang='lat' dir='ltr'><strong>faciem.</strong></span> <span class='ocrx_word' id='word_1_154' title='bbox 1299 2640 1387 2722; x_wconf 83' lang='lat' dir='ltr'><strong>(port</strong></span> 
     </span>
     <span class='ocr_line' id='line_1_20' title="bbox 251 2754 1384 2840; baseline 0.001 -18"><span class='ocrx_word' id='word_1_155' title='bbox 251 2762 311 2822; x_wconf 85' lang='lat' dir='ltr'><strong>too</strong></span> <span class='ocrx_word' id='word_1_156' title='bbox 331 2755 421 2840; x_wconf 87' lang='lat' dir='ltr'><strong>libri)</strong></span> <span class='ocrx_word' id='word_1_157' title='bbox 443 2754 520 2822; x_wconf 89' lang='lat' dir='ltr'><strong>ibid.</strong></span> <span class='ocrx_word' id='word_1_158' title='bbox 545 2761 617 2824; x_wconf 93' lang='grc'><strong>915.</strong></span> <span class='ocrx_word' id='word_1_159' title='bbox 656 2757 753 2823; x_wconf 92' lang='lat' dir='ltr'><strong>Poste</strong></span> <span class='ocrx_word' id='word_1_160' title='bbox 776 2758 905 2824; x_wconf 91' lang='lat' dir='ltr'><strong>demum</strong></span> <span class='ocrx_word' id='word_1_161' title='bbox 926 2758 991 2824; x_wconf 91' lang='lat' dir='ltr'><strong>huc</strong></span> <span class='ocrx_word' id='word_1_162' title='bbox 1013 2780 1087 2826; x_wconf 86' lang='lat' dir='ltr'><strong>cras</strong></span> <span class='ocrx_word' id='word_1_163' title='bbox 1110 2759 1280 2826; x_wconf 89' lang='lat' dir='ltr'><strong>adducam.</strong></span> <span class='ocrx_word' id='word_1_164' title='bbox 1312 2758 1384 2823; x_wconf 82' lang='lat' dir='ltr'><strong>Aul.</strong></span> 
     </span>
     <span class='ocr_line' id='line_1_21' title="bbox 253 2876 1385 2966; baseline 0.004 -24"><span class='ocrx_word' id='word_1_165' title='bbox 253 2882 323 2943; x_wconf 86' lang='lat'><strong>118.</strong></span> <span class='ocrx_word' id='word_1_166' title='bbox 359 2876 513 2943; x_wconf 89' lang='lat' dir='ltr'><strong>Postidea</strong></span> <span class='ocrx_word' id='word_1_167' title='bbox 534 2877 666 2946; x_wconf 90' lang='lat' dir='ltr'><strong>domum</strong></span> <span class='ocrx_word' id='word_1_168' title='bbox 688 2898 740 2944; x_wconf 90' lang='lat' dir='ltr'><strong>me</strong></span> <span class='ocrx_word' id='word_1_169' title='bbox 758 2900 888 2945; x_wconf 90' lang='lat' dir='ltr'><strong>rursum</strong></span> <span class='ocrx_word' id='word_1_170' title='bbox 910 2886 1068 2965; x_wconf 89' lang='lat' dir='ltr'><strong>quantum</strong></span> <span class='ocrx_word' id='word_1_171' title='bbox 1082 2885 1198 2966; x_wconf 87' lang='lat' dir='ltr'><strong>potero</strong></span> <span class='ocrx_word' id='word_1_172' title='bbox 1219 2881 1385 2966; x_wconf 88' lang='lat' dir='ltr'><strong>recipiam.</strong></span> 
     </span>
     <span class='ocr_line' id='line_1_22' title="bbox 250 2997 1385 3084; baseline 0.004 -23"><span class='ocrx_word' id='word_1_173' title='bbox 250 2999 334 3082; x_wconf 82' lang='lat' dir='ltr'><strong>(post</strong></span> <span class='ocrx_word' id='word_1_174' title='bbox 359 3003 438 3063; x_wconf 82' lang='lat' dir='ltr'><strong>idem</strong></span> <span class='ocrx_word' id='word_1_175' title='bbox 462 2997 561 3083; x_wconf 89' lang='lat' dir='ltr'><strong>libri).</strong></span> <span class='ocrx_word' id='word_1_176' title='bbox 598 2998 675 3066; x_wconf 93' lang='lat' dir='ltr'><strong>ibid.</strong></span> <span class='ocrx_word' id='word_1_177' title='bbox 704 3005 776 3066; x_wconf 90' lang='grc'><strong>805.</strong></span> <span class='ocrx_word' id='word_1_178' title='bbox 820 3000 940 3066; x_wconf 88' lang='lat' dir='ltr'><strong>Postea</strong></span> <span class='ocrx_word' id='word_1_179' title='bbox 970 3002 1056 3067; x_wconf 88' lang='lat' dir='ltr'><strong>intro</strong></span> <span class='ocrx_word' id='word_1_180' title='bbox 1086 3002 1173 3066; x_wconf 90' lang='lat' dir='ltr'><strong>hunc</strong></span> <span class='ocrx_word' id='word_1_181' title='bbox 1194 3001 1385 3084; x_wconf 88' lang='lat' dir='ltr'><strong>subsequar.</strong></span> 
     </span>
     <span class='ocr_line' id='line_1_23' title="bbox 250 3117 1384 3203; baseline 0 -21"><span class='ocrx_word' id='word_1_182' title='bbox 250 3117 322 3182; x_wconf 85' lang='lat' dir='ltr'><strong>Cas.</strong></span> <span class='ocrx_word' id='word_1_183' title='bbox 350 3123 419 3182; x_wconf 86' lang='lat'><strong>112.</strong></span> <span class='ocrx_word' id='word_1_184' title='bbox 450 3118 527 3184; x_wconf 86' lang='lat' dir='ltr'><strong>Mox</strong></span> <span class='ocrx_word' id='word_1_185' title='bbox 612 3124 721 3185; x_wconf 88' lang='lat' dir='ltr'><strong>tecum</strong></span> <span class='ocrx_word' id='word_1_186' title='bbox 740 3120 866 3203; x_wconf 86' lang='lat' dir='ltr'><strong>loquar.</strong></span> <span class='ocrx_word' id='word_1_187' title='bbox 899 3120 997 3185; x_wconf 90' lang='lat' dir='ltr'><strong>Merc.</strong></span> <span class='ocrx_word' id='word_1_188' title='bbox 1022 3125 1093 3186; x_wconf 80' lang='grc'><strong>664.</strong></span> <span class='ocrx_word' id='word_1_189' title='bbox 1125 3119 1204 3184; x_wconf 88' lang='lat' dir='ltr'><strong>Post</strong></span> <span class='ocrx_word' id='word_1_190' title='bbox 1224 3119 1268 3184; x_wconf 86' lang='lat' dir='ltr'><strong>ad</strong></span> <span class='ocrx_word' id='word_1_191' title='bbox 1289 3139 1384 3202; x_wconf 88' lang='lat' dir='ltr'><strong>prae-</strong></span> 
     </span>
     <span class='ocr_line' id='line_1_24' title="bbox 249 3238 1384 3307; baseline 0.002 -5"><span class='ocrx_word' id='word_1_192' title='bbox 249 3242 355 3304; x_wconf 91' lang='lat' dir='ltr'><strong>torem</strong></span> <span class='ocrx_word' id='word_1_193' title='bbox 375 3238 451 3304; x_wconf 90' lang='lat' dir='ltr'><strong>ilico</strong></span> <span class='ocrx_word' id='word_1_194' title='bbox 473 3238 538 3307; x_wconf 87' lang='lat' dir='ltr'><strong>ibo,</strong></span> <span class='ocrx_word' id='word_1_195' title='bbox 582 3239 681 3305; x_wconf 85' lang='lat' dir='ltr'><strong>llere.</strong></span> <span class='ocrx_word' id='word_1_196' title='bbox 704 3245 775 3305; x_wconf 90' lang='grc'><strong>781.</strong></span> <span class='ocrx_word' id='word_1_197' title='bbox 820 3241 910 3304; x_wconf 90' lang='lat' dir='ltr'><strong>Haeo</strong></span> <span class='ocrx_word' id='word_1_198' title='bbox 937 3258 1016 3303; x_wconf 85' lang='lat' dir='ltr'><strong>vasa</strong></span> <span class='ocrx_word' id='word_1_199' title='bbox 1045 3242 1103 3303; x_wconf 89' lang='lat' dir='ltr'><strong>aut</strong></span> <span class='ocrx_word' id='word_1_200' title='bbox 1124 3257 1200 3302; x_wconf 88' lang='lat' dir='ltr'><strong>mox</strong></span> <span class='ocrx_word' id='word_1_201' title='bbox 1222 3242 1281 3302; x_wconf 91' lang='lat' dir='ltr'><strong>aut</strong></span> <span class='ocrx_word' id='word_1_202' title='bbox 1310 3259 1384 3304; x_wconf 91' lang='lat' dir='ltr'><strong>cras</strong></span> 
     </span>
     <span class='ocr_line' id='line_1_25' title="bbox 249 3355 1385 3444; baseline 0.004 -22"><span class='ocrx_word' id='word_1_203' title='bbox 249 3355 370 3424; x_wconf 90' lang='lat' dir='ltr'><strong>iubebo</strong></span> <span class='ocrx_word' id='word_1_204' title='bbox 410 3379 469 3442; x_wconf 85' lang='lat' dir='ltr'><strong>aps</strong></span> <span class='ocrx_word' id='word_1_205' title='bbox 499 3364 533 3425; x_wconf 90' lang='lat' dir='ltr'><strong>te</strong></span> <span class='ocrx_word' id='word_1_206' title='bbox 562 3361 640 3444; x_wconf 88' lang='lat' dir='ltr'><strong>peti.</strong></span> <span class='ocrx_word' id='word_1_207' title='bbox 690 3359 787 3424; x_wconf 90' lang='lat' dir='ltr'><strong>Poen.</strong></span> <span class='ocrx_word' id='word_1_208' title='bbox 826 3363 897 3424; x_wconf 88' lang='grc'><strong>398.</strong></span> <span class='ocrx_word' id='word_1_209' title='bbox 949 3357 1026 3423; x_wconf 86' lang='lat' dir='ltr'><strong>Mox</strong></span> <span class='ocrx_word' id='word_1_210' title='bbox 1056 3356 1151 3423; x_wconf 90' lang='lat' dir='ltr'><strong>dabo.</strong></span> <span class='ocrx_word' id='word_1_211' title='bbox 1179 3357 1259 3424; x_wconf 89' lang='lat' dir='ltr'><strong>ibid.</strong></span> <span class='ocrx_word' id='word_1_212' title='bbox 1291 3364 1385 3427; x_wconf 88' lang='grc'><strong>1230.</strong></span> 
     </span>
     <span class='ocr_line' id='line_1_26' title="bbox 250 3476 1385 3562; baseline 0.001 -19"><span class='ocrx_word' id='word_1_213' title='bbox 250 3477 368 3544; x_wconf 87' lang='lat' dir='ltr'><strong>Postea</strong></span> <span class='ocrx_word' id='word_1_214' title='bbox 394 3479 479 3544; x_wconf 91' lang='lat' dir='ltr'><strong>hanc</strong></span> <span class='ocrx_word' id='word_1_215' title='bbox 506 3479 623 3544; x_wconf 87' lang='lat' dir='ltr'><strong>amabo</strong></span> <span class='ocrx_word' id='word_1_216' title='bbox 653 3483 752 3562; x_wconf 88' lang='lat' dir='ltr'><strong>atque</strong></span> <span class='ocrx_word' id='word_1_217' title='bbox 782 3476 985 3562; x_wconf 85' lang='lat' dir='ltr'><strong>amplexabo.</strong></span> <span class='ocrx_word' id='word_1_218' title='bbox 1030 3478 1113 3544; x_wconf 89' lang='lat' dir='ltr'><strong>Rud.</strong></span> <span class='ocrx_word' id='word_1_219' title='bbox 1144 3483 1195 3546; x_wconf 84' lang='lat'><strong>86.</strong></span> <span class='ocrx_word' id='word_1_220' title='bbox 1247 3481 1327 3546; x_wconf 87' lang='lat' dir='ltr'><strong>Post</strong></span> <span class='ocrx_word' id='word_1_221' title='bbox 1351 3481 1385 3545; x_wconf 93' lang='lat' dir='ltr'><strong>id</strong></span> 
     </span>
     <span class='ocr_line' id='line_1_27' title="bbox 251 3597 1383 3683; baseline -0.001 -19"><span class='ocrx_word' id='word_1_222' title='bbox 251 3619 346 3683; x_wconf 85' lang='lat' dir='ltr'><strong>agam</strong></span> <span class='ocrx_word' id='word_1_223' title='bbox 365 3599 465 3682; x_wconf 88' lang='lat' dir='ltr'><strong>igitur</strong></span> <span class='ocrx_word' id='word_1_224' title='bbox 487 3599 549 3683; x_wconf 83' lang='lat' dir='ltr'><strong>(ite</strong></span> <span class='ocrx_word' id='word_1_225' title='bbox 559 3597 658 3682; x_wconf 91' lang='lat' dir='ltr'><strong>libri).</strong></span> <span class='ocrx_word' id='word_1_226' title='bbox 680 3597 750 3664; x_wconf 90' lang='lat' dir='ltr'><strong>ibid</strong></span> <span class='ocrx_word' id='word_1_227' title='bbox 766 3604 838 3665; x_wconf 90' lang='grc'><strong>568.</strong></span> <span class='ocrx_word' id='word_1_228' title='bbox 870 3599 968 3665; x_wconf 90' lang='lat' dir='ltr'><strong>Poste</strong></span> <span class='ocrx_word' id='word_1_229' title='bbox 983 3598 1039 3665; x_wconf 94' lang='lat' dir='ltr'><strong>ibo</strong></span> <span class='ocrx_word' id='word_1_230' title='bbox 1054 3599 1189 3666; x_wconf 85' lang='lat' dir='ltr'><strong>lautum.</strong></span> <span class='ocrx_word' id='word_1_231' title='bbox 1211 3599 1289 3664; x_wconf 91' lang='lat' dir='ltr'><strong>ibid.</strong></span> <span class='ocrx_word' id='word_1_232' title='bbox 1311 3604 1383 3666; x_wconf 82' lang='lat'><strong>648.</strong></span> 
     </span>
    </p>
   </div>
   <div class='ocr_carea' id='block_1_5' title="bbox 250 3718 1385 4161">
    <p class='ocr_par' dir='ltr' id='par_1_6' title="bbox 250 3718 1385 4161">
     <span class='ocr_line' id='line_1_28' title="bbox 250 3718 1385 3804; baseline 0.001 -21"><span class='ocrx_word' id='word_1_233' title='bbox 250 3719 404 3786; x_wconf 87' lang='lat' dir='ltr'><strong>Postidea</strong></span> <span class='ocrx_word' id='word_1_234' title='bbox 433 3719 624 3785; x_wconf 90' lang='lat' dir='ltr'><strong>accumbam</strong></span> <span class='ocrx_word' id='word_1_235' title='bbox 653 3719 777 3803; x_wconf 82' lang='lat' dir='ltr'><strong>(posteo</strong></span> <span class='ocrx_word' id='word_1_236' title='bbox 811 3718 911 3804; x_wconf 90' lang='lat' dir='ltr'><strong>libri).</strong></span> <span class='ocrx_word' id='word_1_237' title='bbox 944 3719 1023 3786; x_wconf 94' lang='lat' dir='ltr'><strong>ibid.</strong></span> <span class='ocrx_word' id='word_1_238' title='bbox 1054 3724 1126 3786; x_wconf 84' lang='lat'><strong>932.</strong></span> <span class='ocrx_word' id='word_1_239' title='bbox 1176 3718 1255 3783; x_wconf 84' lang='lat' dir='ltr'><strong>Post</strong></span> <span class='ocrx_word' id='word_1_240' title='bbox 1285 3719 1385 3784; x_wconf 86' lang='lat' dir='ltr'><strong>animi</strong></span> 
     </span>
     <span class='ocr_line' id='line_1_29' title="bbox 251 3811 1384 3924; baseline 0.001 -21"><span class='ocrx_word' id='word_1_241' title='bbox 251 3811 352 3905; x_wconf 81' lang='lat' dir='ltr'><strong>cansa</strong></span> <span class='ocrx_word' id='word_1_242' title='bbox 372 3840 451 3906; x_wconf 92' lang='lat' dir='ltr'><strong>mihi</strong></span> <span class='ocrx_word' id='word_1_243' title='bbox 468 3860 583 3906; x_wconf 88' lang='lat' dir='ltr'><strong>navem</strong></span> <span class='ocrx_word' id='word_1_244' title='bbox 605 3839 734 3905; x_wconf 88' lang='lat' dir='ltr'><strong>faciam.</strong></span> <span class='ocrx_word' id='word_1_245' title='bbox 756 3875 800 3887; x_wconf 92' lang='lat'><strong>--</strong></span> <span class='ocrx_word' id='word_1_246' title='bbox 822 3838 980 3924; x_wconf 83' lang='lat' dir='ltr'><strong>Exemplo</strong></span> <span class='ocrx_word' id='word_1_247' title='bbox 1003 3860 1043 3904; x_wconf 83' lang='lat' dir='ltr'><strong>er</strong></span> <span class='ocrx_word' id='word_1_248' title='bbox 1057 3838 1159 3902; x_wconf 89' lang='lat' dir='ltr'><strong>Persa</strong></span> <span class='ocrx_word' id='word_1_249' title='bbox 1180 3839 1284 3922; x_wconf 88' lang='lat' dir='ltr'><strong>petito</strong></span> <span class='ocrx_word' id='word_1_250' title='bbox 1307 3848 1384 3920; x_wconf 73' lang='lat' dir='ltr'><strong>(epo</strong></span> 
     </span>
     <span class='ocr_line' id='line_1_30' title="bbox 250 3958 1384 4042; baseline 0.001 -21"><span class='ocrx_word' id='word_1_251' title='bbox 250 3968 335 4022; x_wconf 85' lang='lat' dir='ltr'><strong>recte</strong></span> <span class='ocrx_word' id='word_1_252' title='bbox 358 3967 444 4039; x_wconf 83' lang='lat' dir='ltr'><strong>apud</strong></span> <span class='ocrx_word' id='word_1_253' title='bbox 464 3966 547 4027; x_wconf 82' lang='lat' dir='ltr'><strong>illum</strong></span> <span class='ocrx_word' id='word_1_254' title='bbox 570 3965 700 4039; x_wconf 73' lang='lat' dir='ltr'><strong>dicero)</strong></span> <span class='ocrx_word' id='word_1_255' title='bbox 727 3978 856 4042; x_wconf 89' lang='lat' dir='ltr'><strong>oppono</strong></span> <span class='ocrx_word' id='word_1_256' title='bbox 878 3959 941 4026; x_wconf 91' lang='lat' dir='ltr'><strong>hoc</strong></span> <span class='ocrx_word' id='word_1_257' title='bbox 962 3958 1078 4042; x_wconf 86' lang='lat' dir='ltr'><strong>(Persa</strong></span> <span class='ocrx_word' id='word_1_258' title='bbox 1107 3959 1201 4041; x_wconf 81' lang='grc'><strong>745);</strong></span> <span class='ocrx_word' id='word_1_259' title='bbox 1236 3965 1318 4036; x_wconf 76' lang='lat' dir='ltr'><strong>Qutd</strong></span> <span class='ocrx_word' id='word_1_260' title='bbox 1336 3981 1384 4023; x_wconf 83' lang='lat' dir='ltr'><strong>me</strong></span> 
     </span>
     <span class='ocr_line' id='line_1_31' title="bbox 250 4079 1384 4161; baseline -0.002 -19"><span class='ocrx_word' id='word_1_261' title='bbox 250 4084 282 4142; x_wconf 81' lang='lat' dir='ltr'><strong>to</strong></span> <span class='ocrx_word' id='word_1_262' title='bbox 304 4083 352 4142; x_wconf 78' lang='lat' dir='ltr'><strong>ius</strong></span> <span class='ocrx_word' id='word_1_263' title='bbox 373 4087 485 4143; x_wconf 83' lang='lat' dir='ltr'><strong>vocas?</strong></span> <span class='ocrx_word' id='word_1_264' title='bbox 528 4085 591 4144; x_wconf 83' lang='lat' dir='ltr'><strong>SA.</strong></span> <span class='ocrx_word' id='word_1_265' title='bbox 637 4086 688 4144; x_wconf 80' lang='lat' dir='ltr'><strong>lui</strong></span> <span class='ocrx_word' id='word_1_266' title='bbox 707 4087 794 4159; x_wconf 82' lang='lat' dir='ltr'><strong>apud</strong></span> <span class='ocrx_word' id='word_1_267' title='bbox 809 4089 987 4159; x_wconf 81' lang='lat' dir='ltr'><strong>praetorem</strong></span> <span class='ocrx_word' id='word_1_268' title='bbox 1007 4083 1115 4143; x_wconf 82' lang='lat' dir='ltr'><strong>dicam.</strong></span> <span class='ocrx_word' id='word_1_269' title='bbox 1161 4079 1255 4156; x_wconf 84' lang='lat' dir='ltr'><strong>Quod</strong></span> <span class='ocrx_word' id='word_1_270' title='bbox 1276 4079 1384 4161; x_wconf 87' lang='lat' dir='ltr'><strong>pergit</strong></span> 
     </span>
    </p>
   </div>
   <div class='ocr_carea' id='block_1_6' title="bbox 0 0 1608 4916">
    <p class='ocr_par' dir='ltr' id='par_1_7' title="bbox 0 0 1608 4916">
     <span class='ocr_line' id='line_1_32' title="bbox 0 0 1608 4916; baseline 0 0"><span class='ocrx_word' id='word_1_271' title='bbox 0 0 1608 4916; x_wconf 95' lang='lat' dir='ltr'><strong> </strong></span> 
     </span>
    </p>
   </div>
  </div>
 </body>
</html>
