3206 4916
707 397 917 457 -20-

243 566 370 649 cipiam.
414 563 492 630 ibid.
515 567 587 630 609.
631 563 778 628 Concede
798 563 898 629 istuc:
920 564 986 629 iam
1010 584 1070 647 ego
1092 564 1181 630 illam
1204 565 1374 632 adducam.
1409 651 1412 658 Ι

242 684 321 750 ibid.
346 690 417 750 704.
462 684 506 748 At
526 682 588 749 tibi
611 703 672 767 ego
695 683 848 750 continue
878 683 995 769 cyatho
1017 683 1148 753 oculum
1169 684 1232 752 hec
1253 687 1376 754 excuti·

244 821 297 870 am
328 809 428 870 tuum.
473 804 570 870 Poen.
593 808 665 870 404.
710 803 862 888 Celapbls
893 803 1024 887 quidem
1051 804 1163 872 hercle
1191 810 1282 874 tuom
1313 807 1379 872 iam

244 924 378 990 dilidam
410 929 517 1009 caput.
569 923 646 991 ibid.
680 928 771 988 1152.
823 923 911 1002 Quos
942 944 1001 1006 ego
1032 925 1098 990 iem
1135 925 1308 992 detrudam
1336 926 1379 992 ad

243 1045 355 1111 mulae.
398 1044 476 1111 ibid.
510 1049 602 1110 1302.
653 1043 724 1110 Iam
752 1042 863 1108 hercle
900 1064 960 1128 ego
995 1043 1095 1110 illunc
1125 1046 1378 1114 excruciandum

246 1171 353 1234 tetum
383 1163 540 1230 carnufici
566 1161 662 1228 dabo.
709 1164 760 1228 Ps.
792 1169 863 1230 350.
913 1163 1099 1250 Numquam
1126 1163 1169 1230 ad
1194 1171 1380 1250 praetorem

249 1305 354 1370 aeque
377 1285 496 1350 4444144
524 1301 661 1350 curram.
705 1282 783 1350 ibid.
806 1288 886 1350 0382.
929 1283 1098 1352 Exosscbc
1128 1303 1189 1369 ego
1218 1285 1380 1352 11144441-

246 1406 366 1472 multer
387 1404 501 1470 itidem
522 1408 561 1472 ut
581 1423 771 1472 muraenam
788 1421 917 1487 ceques.
961 1403 1135 1474 10141200.
1179 1405 1262 1487 Item
1284 1406 1381 1474 bodie

247 1525 468 1608 constringam
497 1524 541 1590 ad
570 1523 764 1590 carnarium.
808 1523 886 1590 ibid.
918 1529 1010 1592 1159.
1060 1525 1130 1590 Iam
1161 1531 1310 1592 revortar
1338 1527 1381 1593 ad

246 1652 289 1712 te.
333 1644 416 1712 Rud.
439 1649 512 1710 447.
556 1644 599 1710 Et
618 1649 678 1711 tna
699 1649 734 1712 ct
748 1649 807 1710 tua
826 1644 892 1714 buc
908 1650 1043 1711 ornatus
1059 1646 1224 1712 reveniam
1247 1667 1287 1712 ex
1309 1663 1381 1714 sen·

245 1767 359 1832 tentia
402 1763 481 1832 ibid.
508 1770 580 1831 457.
624 1763 815 1848 0441441414
837 1765 930 1830 hinc:
959 1765 1009 1830 ita
1029 1783 1082 1831 res
1104 1767 1250 1854 suppetit
1272 1767 1379 1833 subito

247 1887 363 1974 [mihil.
407 1884 582 1951 14141784.
626 1885 675 1950 De
698 1905 759 1950 ava
776 1883 893 1968 capillo
907 1885 972 1950 iam
995 1885 1163 1969 deripiam.
1207 1886 1285 1952 ibid
1309 1893 1381 1954 869.

246 2009 317 2091 Ego
353 2006 440 2071 bunc
471 2005 645 2071 scelestum
674 2004 802 2089 rapiam
829 2004 924 2090 [iam]
957 2005 991 2069 ln
1019 2005 1070 2070 144
1098 2005 1252 2075 exsulem.
1304 2006 1382 2073 ibid'.

248 2132 320 2194 036.
363 2143 450 2191 4444
475 2124 561 2190 banc
585 2124 769 2210 [praedam]
799 2124 945 2192 cendam.
989 2125 1084 2190 Truc.
1112 2131 1185 2192 443.
1229 2126 1300 2192 Iam
1327 2126 1382 2193 ibe

248 2265 290 2313 cx
313 2246 376 2311 bec
398 2244 481 2325 loco,
502 2244 623 2312 iubebo
644 2244 687 2310 ad
700 2245 797 2312 istam
881 2243 1011 2311 deferri.
1043 2243 1201 2313 14141613.
1240 2247 1383 2313 Verbum

249 2367 345 2447 adda,
367 2367 433 2431 iam
452 2365 563 2431 hercle
584 2379 645 2448 ego
672 2370 707 2431 te
729 2365 854 2432 offatim
878 2365 1054 2432 conficiam.
1099 2365 1177 2432 ibid.
1199 2371 1271 2432 614.
1314 2366 1384 2434 lam

246 2488 373 2572 binago
389 2486 446 2552 tcd
457 2471 580 2568 ‘agnum
594 2485 713 2551 faciam
728 2490 762 2550 et
775 2485 917 2551 medium
934 2485 1153 2552 distmncabo.
1164 2525 1206 2536 -
1215 2486 1264 2552 Ex
1285 2490 1380 2553 tantu

250 2607 472 2692 exemplorum
493 2611 552 2671 aut
567 2605 780 2689 persimilium
800 2610 859 2670 aut
879 2606 1004 2674 nonita
1021 2605 1226 2672 dissimilium
1249 2626 1384 2674 numere

252 2749 327 2793 cnm
350 2730 512 2811 appareat
533 2707 687 2809 simplicis
708 2723 811 2790 futuri
840 2725 904 2814 vim
926 2725 960 2790 in
982 2725 1045 2791 hae
1066 2747 1102 2791 re
1124 2726 1219 2810 longe
1240 2727 1385 2792 usitatis·

255 2850 371 2927 simam
385 2843 476 2927 4444,
502 2863 567 2912 444
588 2847 698 2930 inepte
719 2845 881 2930 quispiam
903 2845 1075 2938 concludat
1097 2846 1196 2912 etiam
1217 2847 1251 2911 in
1271 2847 1385 2931 paucis

253 2969 317 3034 illis
340 2967 495 3052 exemplis
515 2961 731 3050 Madvigienie
755 2966 891 3032 candem
912 2967 976 3032 vim
1000 2987 1071 3032 4444
1094 2967 1309 3032 statuendam.

336 3088 565 3155 Secundum
586 3087 741 3170 Madvigii
770 3106 901 3171 genus
932 3091 1082 3152 versatur
1109 3088 1143 3152 14
1175 3075 1330 3170 exemplis
1351 3087 1385 3151 14

252 3209 371 3294 quibua
395 3209 550 3274 ‘futurum
573 3207 732 3272 exactum’
761 3207 960 3272 transfertur
982 3205 1025 3272 ad
1045 3206 1291 3292 significandam
1312 3225 1383 3272 rem

251 3349 316 3394 nen
336 3329 371 3393 14
393 3328 498 3394 altere
519 3324 694 3406 inclusam,
728 3326 787 3392 sed
806 3347 891 3409 quac
914 3347 973 3410 per
995 3347 1030 3392 44
1052 3327 1149 3393 simul
1170 3326 1242 3392 fieri
1263 3328 1386 3411 possit3

250 3449 313 3514 hcc
331 3461 431 3530 genus
446 3446 599 3529 frequens
615 3467 686 3512 4444
700 3446 734 3510 14
747 3446 911 3530 particula
932 3446 1075 3513 ι4441441.
1110 3446 1269 3531 Exempla
1291 3452 1385 3512 sunt:

254 3575 302 3634 11.
343 3573 392 3634 17.
427 3573 477 3633 48.
519 3571 569 3632 60.
620 3565 701 3636 eum
735 3565 853 3650 quibus
887 3566 968 3632 locis
1003 3566 1191 3634 conferendi
1230 3571 1306 3634 sunt
1333 3565 1385 3630 hi:

251 3687 371 3754 Bacch.
405 3691 476 3754 521.
521 3686 645 3752 Eadem
674 3686 834 3768 exorabo,
864 3685 1034 3772 Chrysalo,
1064 3707 1164 3754 causa
1187 3706 1260 3750 mea
1288 3687 1386 3751 Pater

251 3824 292 3873 44
318 3813 443 3874 noceat
494 3807 586 3892 Capi.
617 3813 689 3874 450.
743 3807 867 3872 Eadem
896 3827 997 3890 opera
1028 3827 1049 3870 a
1076 3809 1230 3890 praetore
1260 3823 1386 3872 sumam

252 3928 481 4012 syngraphum.
534 3928 611 3995 ibid.
643 3933 714 3994 459.
765 3927 889 3994 Eadem
920 3924 1155 4010 percontabor,
1179 3925 1272 4008 sequi
1299 3925 1386 3990 hunc

253 4046 493 4117 adulescentem
521 4049 656 4117 noverit.
701 4046 793 4138 Epiri.
826 4053 896 4116 663.
940 4045 1063 4116 Eadem
1092 4045 1174 4118 hacc
1201 4045 1288 4118 intus
1309 4044 1385 4118 edo·
