3206 4916
699 393 912 454 ..19-

238 569 306 632 vita
324 564 528 632 abiudicabo.
577 561 646 627 Aul.
674 566 743 626 188.
778 560 867 625 Anus
888 559 997 624 hercle
1020 558 1096 624 huic
1118 557 1275 622 indicium
1297 556 1375 622 fecit

239 687 280 752 de
303 706 384 752 auro
472 684 555 764 Quoi
586 703 646 766 ago
674 681 741 756 iam
764 680 909 764 linguam
928 677 1118 763 praecidam
1140 683 1240 761 atque
1262 677 1374 743 oculos

239 806 392 873 effodiam
414 805 510 871 domi.
554 803 632 869 ibid.
657 807 727 869 573.
773 801 843 884 Ego
865 804 898 864 te
917 799 1014 865 hodic
1034 797 1169 864 reddam
1191 797 1374 878 madidum3

240 929 267 992 si
290 927 362 992 vivo
388 925 499 1010 probe.
542 923 621 989 ibid.
647 929 717 990 659.
761 922 831 987 Iam
860 920 1105 1004 interstringam
1135 920 1253 1004 gulam.
1296 917 1372 984 ibid.

241 1053 312 1113 712.
356 1046 466 1110 Attat:
497 1064 609 1110 eccum
630 1043 754 1128 ipsum:
776 1063 835 1125 ego
858 1040 922 1121 ibo,
946 1045 984 1106 ut
1005 1061 1056 1106 me
1073 1039 1211 1105 condam
1234 1038 1373 1104 domum.

239 1166 317 1232 ibid.
349 1171 420 1232 759.
472 1165 540 1230 Iam
580 1162 711 1248 quidem
746 1161 856 1228 hercle
882 1166 916 1226 te
944 1159 987 1225 ad
1021 1157 1208 1246 praetorem
1238 1159 1373 1243 rapiam.

239 1286 316 1352 ibid.
341 1291 412 1352 678.
457 1284 527 1349 Iam
559 1304 619 1367 ego
651 1282 729 1348 illuc
751 1301 962 1367 praecurram
984 1286 1084 1365 atque
1106 1279 1294 1346 inscendam
1316 1279 1374 1344 ali-

240 1427 340 1490 quam
361 1406 394 1470 in
418 1403 578 1470 arborem.
621 1402 740 1467 Bacch.
769 1408 819 1470 94.
863 1401 933 1485 Ego
956 1401 1181 1466 sorori.moae
1203 1399 1300 1464 hodie
1323 1421 1374 1464 ee·

239 1547 315 1592 nam
336 1524 416 1590 dare
434 1525 507 1590 volo
523 1523 694 1588 viaticam:
716 1522 764 1587 Eo
786 1521 848 1587 tibi
863 1526 1033 1605 argentum
1055 1520 1177 1587 iubebo
1199 1521 1266 1585 iam
1286 1521 1374 1586 intus

240 1645 359 1711 ecferri
380 1643 478 1710 foras.
516 1642 635 1708 Bacch.
660 1648 732 1709 357.
767 1643 854 1721 Quas
877 1662 937 1725 ego
958 1641 1013 1706 hio
1026 1641 1143 1707 turbas
1166 1639 1261 1706 dabo.
1295 1639 1373 1705 ibid.

241 1771 311 1832 701.
364 1765 545 1847 Emungam
577 1763 686 1828 hercle
715 1762 877 1828 hominem
906 1761 1009 1846 probe
1035 1760 1142 1826 hodie.
1192 1759 1270 1825 ibid.
1302 1764 1373 1826 766.

239 1885 390 1952 Dorsabo
414 1905 473 1969 ego
496 1884 596 1950 illunc
615 1882 728 1964 hodie,
761 1883 789 1947 si
810 1881 898 1962 vivo,
930 1881 1042 1966 probe.
1085 1880 1163 1946 ibid.
1197 1885 1288 1947 1172.
1332 1878 1374 1964 Ni

240 2005 348 2086 abeas,
372 2025 569 2088 quamquam
591 2009 628 2069 tu
650 2003 774 2083 bellab,
793 2002 914 2068 malum
935 2001 996 2067 1111
1014 2022 1168 2086 magnum
1191 1974 1276 2066 dabo
1298 2000 1373 2064 iam.

239 2127 301 2191 Cas
325 2106 412 2191 536.ss
440 2124 511 2190 Iam
531 2124 592 2190 tibi
613 2123 699 2189 istuc
722 2122 891 2188 cerebrum
913 2121 1154 2206 disper-cutiam.
1198 2119 1276 2186 ibid.
1301 2126 1373 2186 800.

238 2245 311 2310 Hac
332 2244 418 2310 dabo
440 2244 603 2328 protinam
632 2247 747 2336 meet
773 2242 905 2325 fugiam.
949 2242 1041 2307 Cure.
1074 2247 1145 2308 138.
1188 2241 1237 2306 Tu
1260 2245 1373 2306 curato
1433 2302 1440 2310 ,

239 2386 290 2430 me
313 2385 354 2429 ne
377 2364 501 2429 sitiam:
525 2363 667 2446 egotibi
689 2362 972 2446 quodamasiam
994 2362 1059 2427 huc
1082 2359 1251 2427 adducam.
1288 2360 1372 2425 Men.

196 2503 198 2508 ·
243 2489 311 2548 174.
357 2483 445 2548 Mitti
471 2483 532 2548 tibi
562 2487 661 2566 atque
691 2482 739 2548 illi
768 2481 888 2549 iubebo
916 2483 982 2547 iam
1010 2480 1166 2565 adparari
1189 2478 1372 2564 prandium.

240 2602 319 2668 ibid.
351 2608 423 2670 431.
467 2603 537 2669 Iam
567 2624 687 2686 sequar
714 2607 756 2668 te.
800 2602 877 2668 ibid.
909 2607 980 2669 729.
1024 2600 1074 2666 Ne
1102 2601 1188 2667 istuc
1212 2605 1374 2666 mecastor

240 2725 307 2789 iam
327 2729 456 2817 patrem
478 2744 644 2789 accersam
665 2744 781 2788 meum.
819 2708 897 2788 ibid.
923 2728 994 2789 754.
1031 2721 1177 2788 Gradum
1199 2721 1373 2806 proferam,

238 2842 422 2926 progrediri
442 2842 638 2928 properabo.
681 2842 760 2908 ibid.
792 2847 864 2908 844.
907 2841 986 2922 Ibo,
1009 2841 1187 2922 adducam,
1209 2841 1266 2924 qui
1287 2840 1373 2906 huno

237 2962 313 3028 hinc
341 2963 466 3028 tollant.
517 2963 595 3029 ibid.
626 2968 697 3029 666.
741 2961 930 3046 Properabo
958 2962 1001 3027 ad
1030 2962 1145 3028 forum.
1189 2960 1266 3027 ibid.
1298 2966 1370 3027 875.

194 3157 198 3166 .
237 3072 302 3148 Ibo
327 3088 427 3168 atque
455 3104 622 3148 accersam
651 3081 812 3148 medicum
840 3082 907 3147 iam
939 3087 1097 3166 quantum
1126 3085 1244 3166 potest.
1292 3080 1371 3146 ibid.

239 3209 310 3270 903.
356 3206 458 3284 Quem
481 3225 541 3288 ego
570 3202 681 3268 hercle
702 3202 883 3283 hominem,
905 3203 933 3268 si
956 3203 1087 3286 quidam
1108 3203 1194 3282 vivo,
1218 3201 1285 3267 vita
1306 3201 1372 3266 iam

240 3323 384 3389 evolvam
420 3345 487 3390 sua.
538 3324 617 3390 ibid.
649 3329 740 3391 1637.
791 3322 829 3388 Id
857 3344 916 3406 ego
946 3323 1007 3388 tibi
1035 3323 1101 3388 iam
1125 3323 1190 3388 huc
1216 3321 1372 3388 adferam.

239 3443 306 3508 Mil.
330 3449 401 3510 537.
436 3443 577 3510 Pulchro
603 3443 809 3510 admonuisti.
843 3444 908 3508 iam
939 3464 999 3527 ego
1030 3442 1073 3509 ad
1101 3447 1134 3507 te
1158 3442 1252 3508 exibo
1273 3442 1371 3507 foras.

238 3562 315 3629 ibid.
350 3568 441 3629 1353.
485 3564 536 3630 Ito
566 3563 647 3629 cito:
677 3565 743 3629 iam
773 3584 833 3647 ego
864 3562 1029 3647 adsequar
1056 3584 1123 3628 vos.
1167 3562 1245 3628 ibid.
1279 3566 1371 3626 1379.

239 3684 308 3766 Ego
333 3683 465 3748 iamiam
495 3704 671 3749 convenam
693 3684 795 3749 illunc
815 3684 876 3769 (ita
895 3683 1116 3768 Ritschelius).
1159 3682 1254 3746 Most.
1279 3686 1371 3746 1114.

237 3802 307 3866 Iam
335 3804 442 3888 ignem
473 3808 507 3868 et
534 3824 664 3869 sermon
691 3803 753 3869 tibi
780 3803 899 3869 iubebo
928 3802 1132 3868 circumdari.
1176 3801 1277 3866 Persa
1299 3805 1371 3866 324.

237 3924 345 4006 Atque
367 3944 460 3989 omne
488 3945 548 4008 ego
570 3929 742 4008 argentum
763 3923 825 3990 tibi
849 3924 912 3989 hoc
935 3927 1082 3988 actutum
1103 3921 1264 3986 incolume
1286 3921 1371 3987 redi-

237 4064 320 4128 gam.
364 4043 442 4110 ibid.
465 4050 536 4110 405.
580 4044 701 4110 Curate
722 4045 777 4110 isti
799 4044 903 4110 intus:
925 4044 991 4108 iam
1017 4062 1078 4126 ego
1096 4041 1225 4108 domum
1245 4064 1297 4108 me
1319 4063 1370 4107 re·
