3206 4916
803 1505 874 1587 §1-

360 1694 408 1758 De
430 1713 493 1758 usu
514 1691 616 1757 futuri
641 1691 757 1785 exacti,
781 1689 886 1774 qualis
910 1689 998 1772 apud
1019 1689 1170 1754 Plautum
1192 1689 1300 1769 fuerit,
1323 1689 1407 1754 diffi-

273 1813 343 1878 cilis
366 1818 416 1878 est
438 1812 632 1896 disputatio:
665 1812 699 1876 in
723 1830 787 1894 quo
811 1829 926 1894 campo
943 1811 1009 1874 iam
1027 1809 1205 1875 doctissimi
1227 1811 1297 1888 viri,
1320 1811 1409 1874 velut

272 1933 455 2016 Madvigius
463 1934 498 2018 ¹),
520 1932 726 1998 Hermannus
736 1933 773 2017 ²),
797 1930 1002 1996 Luebbertus
1014 1931 1040 2015 ³)
1061 1929 1310 1995 desudaverunt.
1340 1929 1409 1994 Nec

272 2058 323 2118 eat
346 2053 482 2137 simplex
506 2053 665 2136 quaestio,
688 2051 745 2117 sed
761 2051 872 2134 plnres
888 2051 984 2116 simul
1003 2055 1210 2131 concurrunt,
1234 2050 1409 2134 exquibus

271 2191 370 2238 unam
391 2172 471 2237 mihi
497 2172 615 2237 iterum
645 2171 854 2236 tractandam
881 2171 1053 2255 proposui,
1083 2189 1167 2253 quae
1198 2175 1248 2236 est
1278 2170 1318 2236 de
1347 2192 1409 2236 usu

272 2292 374 2357 futuri
385 2292 492 2356 exacti
503 2291 537 2355 in
550 2291 726 2356 enuntiatis
737 2291 910 2375 primariis.
936 2291 1008 2370 Qua
1020 2292 1153 2356 iurene
1164 2290 1244 2375 quid
1256 2290 1347 2356 dubii
1358 2311 1409 2354 re-

273 2411 444 2496 linquatur
464 2409 507 2476 ab
530 2411 686 2494 exemplis
706 2411 832 2495 primae
853 2430 1012 2494 personae
1040 2411 1207 2495 proiectus
1235 2433 1322 2491 sum,
1353 2411 1410 2475 ubi

275 2530 315 2594 de
335 2531 486 2594 coniunct
486 2531 530 2594 ivi
551 2530 690 2615 perfecti
664 2530 891 2596 tformarum
910 2551 1070 2597 concursu
1093 2533 1179 2615 cogit
1181 2532 1229 2596 ari
1259 2536 1409 2614 nequeat.

275 2651 322 2714 Ac
332 2650 473 2733 primum
486 2650 616 2733 quidem
633 2651 782 2735 exempla
793 2651 954 2762 Plautina,
967 2651 1090 2735 quibus
1101 2652 1247 2717 futurum
1259 2657 1410 2770 eructum

273 2770 307 2834 in
330 2770 507 2836 enuntiatis
526 2771 691 2854 primariis
714 2776 830 2852 exstet,
854 2771 1050 2837 enumerabo
1058 2772 1095 2856 ⁴)

362 2895 390 2954 1.
419 2895 525 2969 Amph.
555 2896 605 2956 52.
657 2889 743 2969 Quid
783 2891 991 2956 contraxistis
1026 2890 1191 2957 frontem?
1233 2892 1311 2974 quia
1342 2895 1409 2956 tra-

275 3009 425 3094 goediam
461 3009 536 3074 Dixi
573 3008 719 3075 futuram
760 3010 868 3075 hanc?
928 3010 1015 3074 Deus
1052 3009 1140 3091 sirm,
1188 3021 1410 3076 conmutuvero.

275 3130 420 3196 Eandem
442 3130 537 3209 hanc,
560 3130 588 3194 si
610 3129 715 3210 voltis,
741 3129 898 3195 faniam
919 3149 979 3213 ego
998 3131 1223 3214 extragoedia
1237 3131 1412 3196 Comoedia

363 3337 387 3405 1)
406 3335 530 3403 Madvig:
550 3335 601 3389 ‘De
619 3337 765 3391 formarum
785 3336 952 3404 quarundam
971 3337 1048 3391 verbi
1073 3337 1165 3390 Latini
1190 3353 1240 3392 usu
1265 3345 1292 3392 et
1313 3341 1412 3391 natura

275 3423 446 3492 disputatio’.
472 3419 613 3490 Expressa
632 3430 673 3477 est
689 3421 759 3477 haec
777 3423 967 3478 commentatio
986 3423 1014 3476 in
1034 3423 1074 3478 lo.
1094 3423 1155 3478 Nic.
1178 3423 1308 3491 Madvigii
1329 3438 1411 3492 opus-

276 3507 400 3564 culorum
416 3506 634 3562 academicorum
650 3507 722 3563 libro
741 3510 775 3563 ll.
793 3523 820 3578 p.
839 3510 967 3564 60-129,

361 3595 389 3663 2)
406 3593 440 3647 G.
457 3593 613 3648 Hermann:
647 3594 698 3649 ‘De
717 3595 757 3649 le.
776 3595 836 3648 Nic.
855 3595 983 3663 Madrigii
1001 3594 1226 3662 interpretatione
1243 3595 1412 3662 quarundam

275 3679 360 3735 verbi
377 3678 456 3734 latini
471 3679 635 3734 formarum’.
654 3677 731 3745 Quae
748 3678 944 3748 scriptiuncula
962 3685 1052 3736 exstat
1069 3680 1097 3734 in
1115 3680 1147 3734 G.
1163 3681 1311 3734 Hermanni
1331 3696 1413 3749 opus·

277 3767 400 3820 culorum
417 3765 488 3821 libro
506 3765 542 3818 ll.
561 3781 589 3834 p.
606 3765 690 3818 416-
692 3767 735 3818 32.

362 3852 389 3921 3)
407 3851 568 3908 Luebbert.
595 3852 662 3907 ‘Der
680 3851 842 3920 conJunuiv
861 3850 980 3908 Perfecti
1000 3852 1054 3907 und
1072 3849 1121 3907 das
1138 3853 1271 3942 Futurum
1289 3863 1413 3910 exactum

276 3939 312 3992 im
331 3937 453 3992 aelteren
474 3937 589 3993 Latain’.
624 3938 836 3992 Breslan1867.

366 4025 393 4091 4)
410 4022 489 4078 Alius
509 4039 590 4091 quam
609 4024 713 4092 primae
731 4039 865 4094 personae
883 4040 918 4079 aa
934 4025 1021 4079 solnm
1047 4024 1170 4094 exempla
1194 4027 1288 4094 attuli,
1312 4028 1413 4095 quibus

277 4109 456 4177 Madvigius
448 4125 509 4177 rpse
528 4125 592 4164 usus
610 4117 660 4165 eat.

1171 4221 1207 4272 l·
