3206 4916
667 385 873 450 -n-

205 554 308 620 sclam
328 553 398 618 fera
420 553 625 636 grammatici
647 557 843 636 sequuntur,
875 552 1052 619 celeritatis
1073 555 1199 620 notatio
1221 555 1272 620 vel
1294 556 1342 620 rei

204 695 309 758 paene
329 673 397 739 iam
418 673 462 739 ad
485 673 606 740 exitum
628 674 816 758 perductae,
838 679 876 739 ut
896 678 1032 759 propter
1055 694 1127 740 eam
1143 695 1274 741 causam
1293 696 1342 756 eo,

206 816 271 878 quo
301 795 367 860 iam
398 794 481 874 dixi,
511 793 608 860 modo
637 793 711 859 finis
738 794 876 860 actionis
906 794 1014 860 animo
1040 796 1341 881 comprehendatur.

205 914 398 984 Huiusmodi
413 903 660 999 apudPlautnm
673 919 736 980 est:
754 919 783 978 7.
794 921 844 980 44.
859 920 912 980 51.
924 920 974 980 63.
986 915 1102 999 Itaque
1112 921 1145 980 01
1151 917 1342 1000 promitten-

204 1041 255 1100 tes
279 1039 312 1100 et
330 1036 490 1101 minantes
512 1034 576 1100 hac
597 1033 703 1102 forma
719 1039 864 1113 utuntur,
887 1035 976 1101 velut
997 1036 1085 1120 apud
1106 1036 1258 1101 Plautum
1282 1043 1342 1117 35,

205 1176 303 1240 saepe
315 1155 428 1222 addito
437 1155 530 1235 ‘iam',
549 1156 647 1221 etiam
660 1155 718 1221 ubi
726 1156 891 1222 evanescit
901 1176 1006 1240 paene
1019 1156 1067 1222 rei
1076 1156 1246 1223 absolutae
1255 1158 1341 1241 cogi·

205 1276 298 1355 tatio,
322 1281 360 1342 ut
386 1282 434 1342 15.
457 1281 508 1344 20.
533 1281 658 1366 22142.
692 1273 860 1341 Interdum
890 1274 1021 1359 quidem
1044 1276 1222 1343 celeritatis
1245 1277 1343 1361 signi·

207 1396 318 1462 ficatio
342 1416 476 1481 prorsus
506 1396 594 1462 cedit
624 1396 835 1462 affirmationi
867 1396 1029 1463 minantis.
1059 1397 1179 1464 -1v.
1212 1398 1262 1463 Ex
1295 1419 1343 1478 aa,

206 1538 305 1600 quam
326 1517 420 1583 initio
436 1517 540 1601 attigi,
560 1516 796 1601 significatione
815 1517 873 1597 rei,
897 1538 981 1601 quae
1003 1518 1069 1583 iam
1083 1516 1235 1585 absoluta
1254 1524 1343 1585 00110

206 1642 369 1704 momento
391 1637 462 1703 fore
481 1637 640 1716 videatur,
660 1639 688 1703 is
711 1637 816 1703 oritur
838 1658 925 1718 usuc,
948 1659 1012 1721 quo
1030 1638 1176 1704 futurum
1192 1645 1342 1705 exactum

205 1758 339 1842 ponitur
359 1757 400 1823 de
423 1779 474 1838 eo,
498 1757 586 1842 quod
608 1759 681 1842 quis
703 1758 851 1836 interim,
883 1757 960 1823 dum
983 1756 1072 1824 aliud
1094 1758 1173 1842 quid
1195 1759 1248 1838 fit,
1283 1758 1341 1823 ali·

206 1878 400 1962 quantisper
422 1878 511 1958 facit,
534 1879 596 1944 etsi
614 1877 704 1944 nulla
719 1879 833 1945 subest
847 1878 1041 1962 significatio
1055 1879 1103 1943 rei
1115 1877 1343 1962 perficiendae,

205 1997 264 2064 sed
286 1997 374 2082 quod
394 2003 504 2063 tamen
526 1999 664 2065 actionis
692 1999 780 2064 intra
810 1995 967 2084 temporis
998 1999 1139 2084 spatium
1170 2000 1342 2065 conclusae

204 2118 279 2183 finis
309 2123 343 2184 et
371 2097 507 2185 ulterius
538 2125 667 2204 tempus
697 2120 805 2185 animo
833 2091 1034 2185 obversatur.
1079 2120 1184 2185 Huius
1215 2121 1342 2203 generis

204 2239 288 2304 haec
315 2244 407 2305 sunt:
454 2245 503 2305 10.
526 2245 577 2306 29.
599 2245 650 2305 41.
672 2246 722 2307 45.
746 2245 796 2305 66.
819 2245 869 2306 80.
892 2244 942 2306 83.
966 2275 1010 2288 -
1032 2239 1068 2304 V.
1091 2239 1194 2304 Paulo
1214 2239 1342 2324 longius

206 2381 226 2424 a
247 2358 354 2444 prima
375 2359 500 2443 origine
516 2359 663 2439 discedit,
685 2361 773 2426 omni
790 2358 859 2426 fere
876 2358 1049 2444 praeteriti
1063 2359 1195 2424 notione
1213 2359 1343 2425 sublata

206 2500 245 2544 ac
267 2500 308 2544 ne
330 2479 543 2546 absolutionis
566 2480 696 2564 quidem
718 2480 780 2547 nisi
803 2480 941 2547 obscure
956 2485 1094 2561 retenta,
1117 2479 1219 2547 futuri
1235 2481 1342 2545 exact-i

206 2620 284 2664 usus
303 2599 337 2664 in
350 2599 399 2665 rei
416 2600 571 2666 dilatione
588 2600 816 2685 significanda3
839 2601 990 2668 differtur
1005 2606 1115 2667 tamen
1129 2622 1183 2667 res
1195 2601 1228 2665 in
1242 2622 1342 2666 uuum

207 2718 374 2802 quoddam
395 2727 593 2787 momentum
614 2723 771 2805 temporis
792 2721 904 2801 futuri,
928 2720 1015 2805 quod
1037 2722 1207 2806 expletura
1222 2726 1287 2802 est3
1310 2726 1344 2786 et

205 2840 291 2905 haec
313 2840 383 2906 fere
406 2841 475 2907 sola
496 2847 644 2908 remanet
664 2842 753 2908 notio
770 2841 907 2907 seiuncti
923 2845 955 2905 et
972 2841 1171 2906 transeuntis
1189 2841 1344 2905 momenti
1423 2919 1425 2924 Ι

207 2966 241 3026 01
264 2982 362 3046 saepe
384 2961 427 3026 ab
449 2962 515 3029 alia
536 2963 663 3027 actione
685 2961 865 3045 pendentis.
896 2961 983 3045 (Non
1004 2960 1118 3042 utique
1139 2959 1224 3024 inest
1246 2960 1343 3042 signi-

206 3080 317 3148 ficatio
340 3083 497 3147 momenti
519 3081 687 3148 ‘celeriter’
710 3081 894 3161 transituri,
916 3079 1004 3165 quod
1023 3059 1170 3146 nonnulli
1193 3079 1344 3147 videntur

208 3200 351 3270 credere.
387 3202 470 3267 Nam
486 3203 543 3285 qui
565 3202 653 3268 ‘Post
674 3201 795 3268 videro’
815 3201 904 3283 dicit,
925 3202 954 3266 is
976 3201 1086 3285 potius
1109 3200 1178 3266 eius
1200 3201 1343 3268 101001-

208 3321 439 3388 siderationem
459 3322 606 3406 promitti
628 3343 694 3388 non
714 3322 939 3390 brevissimam
970 3323 1029 3387 das
1051 3321 1131 3386 wird
1154 3326 1265 3406 sp'ater
1286 3322 1343 3388 be-

208 3441 354 3507 trachtet
373 3442 511 3521 werden,
534 3463 574 3508 zu
596 3442 789 3518 betrachten
817 3443 908 3526 sein).
953 3443 1058 3526 Saepe
1080 3441 1246 3510 adduntur
1267 3465 1343 3528 par·

207 3561 328 3627 ticulae
350 3562 443 3627 ‘mox’
467 3569 500 3627 et
519 3563 620 3647 ί1001.
651 3563 809 3646 Exempla
829 3569 905 3628 sunt
926 3569 974 3629 16.
998 3568 1049 3627 21.
1073 3569 1123 3630 54.
1147 3569 1197 3629 68.
1220 3570 1269 3628 69.
1293 3568 1342 3627 70.

208 3686 259 3747 84.
281 3682 460 3748 Coniuncta
472 3687 580 3749 autem
595 3703 668 3747 oum
678 3682 850 3748 differendi
859 3684 990 3748 notione
1004 3688 1053 3748 est
1066 3704 1164 3748 curae
1177 3680 1345 3746 11111111-

208 3823 263 3867 um
274 3807 332 3868 aut
339 3803 373 3866 in
380 3824 415 3868 se
423 3802 679 3882 transferendae,
693 3823 757 3884 quc
768 3802 864 3868 simul
875 3824 914 3868 ea
927 3823 1006 3867 cura
1018 3801 1176 3866 differtur.
1199 3800 1267 3865 Nec
1277 3801 1345 3865 ulla

208 3926 259 3987 est
281 3943 388 4002 causa,
412 3944 470 3990 cur
492 3923 589 4007 vulgo
611 3923 654 3988 ad
676 3944 776 3988 unum
792 3944 903 3988 omnes
919 3921 1123 4008 grammatici
1138 3920 1201 3986 hoc
1217 3927 1344 4004 postre-

208 4049 348 4120 memet
369 4042 488 4120 similia
513 4043 655 4142 plurima
683 4043 772 4145 apud
801 4064 912 4124 omnes
941 4041 1117 4126 scriptores
1141 4042 1344 4128 coniunctivo
