3206 4916
735 409 950 470 ...12-

276 576 370 642 mode
393 576 610 660 (permissivo)
633 576 722 642 dicta
743 582 868 660 putent,
891 577 1084 643 adversante
1107 578 1232 661 primae
1252 599 1414 661 personae

276 718 346 762 usu.
390 695 493 762 Nemo
517 697 603 762 enim
621 697 717 782 legit:
762 697 1007 781 ‘Egoviderim’
1030 696 1150 778 idest,
1179 698 1349 782 permitte,
1377 703 1415 765 ut

277 837 337 900 ego
353 803 489 882 videam.
506 856 549 865 -
564 817 616 883 VI.
630 817 724 897 Quod
739 815 806 883 dixi
824 817 865 883 de
879 819 1012 883 notione
1027 817 1165 884 actionis
1187 819 1318 884 futurae
1341 839 1414 885 cum

276 937 382 1002 altera
404 937 545 1021 quodam
569 937 665 1004 modo
693 959 870 1019 connexae,
902 937 937 1004 id
958 939 1099 1004 maxime
1120 937 1155 1004 in
1176 939 1216 1004 iis
1237 939 1317 1004 locis
1340 960 1415 1009 con·

274 1057 433 1139 firmatur,
456 1057 513 1124 ubi
535 1058 576 1123 de
599 1058 726 1124 actione
749 1058 887 1124 alteram
910 1059 1130 1143 subsequente
1151 1058 1298 1125 futurum
1320 1081 1414 1125 exac-

275 1184 345 1244 tum
368 1178 502 1258 dicitur,
525 1182 566 1244 ut
587 1178 652 1243 iam
673 1200 738 1244 non
757 1179 853 1245 modo
874 1179 1046 1263 praeteriti
1066 1179 1148 1244 nihil
1169 1180 1204 1244 in
1227 1201 1262 1246 se
1283 1179 1414 1261 habeat,

275 1298 334 1364 sed
362 1298 527 1364 ulterioris
554 1297 657 1365 futuri
685 1299 758 1366 loco
787 1300 838 1366 sit.
890 1299 1083 1366 Huiusmodi
1113 1300 1196 1365 haec
1220 1306 1298 1366 sunt
1327 1301 1415 1385 apud

276 1418 443 1484 Plautum:
474 1423 524 1484 33.
554 1424 604 1486 46.
635 1425 685 1487 50.
709 1421 770 1487 603
791 1459 834 1468 -
856 1420 916 1486 His
942 1443 999 1486 sex
1030 1421 1188 1487 classibus
1217 1422 1311 1506 quast
1342 1405 1413 1507 sep·

276 1540 389 1604 timam
413 1538 506 1604 addit
527 1539 578 1606 his
611 1541 737 1607 verbis:
783 1541 901 1625 ‘Atque
928 1541 1011 1607 haec
1039 1542 1079 1608 de
1109 1542 1227 1626 quibus
1255 1542 1413 1608 hactenus

277 1657 361 1740 dixi,
392 1659 435 1724 ad
463 1665 553 1726 certa
584 1681 704 1745 genera
726 1661 773 1727 sic
792 1662 941 1727 revocari
965 1667 1136 1747 poterant,
1165 1668 1203 1729 ut
1229 1663 1413 1747 proprietas

277 1779 438 1864 quaedam
460 1781 562 1847 futuri
584 1782 692 1847 exacti
712 1786 903 1866 appareret,
933 1783 996 1847 etsi
1023 1784 1199 1849 tenendum
1231 1788 1296 1864 est,
1331 1782 1413 1849 adeo

278 1923 351 1967 eam
374 1902 525 1985 exiguam
546 1923 633 1982 esse,
663 1906 715 1981 ut,
746 1901 898 1966 ommissa
924 1902 988 1967 levi
1017 1902 1075 1967 illa
1100 1903 1344 1987 significationis
1364 1904 1412 1968 in·

276 2021 424 2100 flexione,
448 2020 597 2086 omnibus
615 2021 696 2086 locis
719 2021 798 2104 poni
818 2023 963 2106 potuerit
984 2021 1130 2088 futurum
1152 2023 1303 2107 simplex,
1326 2022 1413 2108 quod

275 2141 409 2207 infinitis
431 2140 510 2206 locis
529 2141 626 2225 plane
644 2141 803 2208 similibus
816 2142 958 2226 ponitur.
998 2143 1044 2208 Ac
1062 2148 1263 2227 postremum
1281 2143 1412 2228 quidem

276 2282 377 2346 genus
399 2262 508 2327 nescio
532 2283 574 2326 an
596 2261 719 2328 rectius
741 2262 931 2329 exclusurus
952 2263 1082 2344 fuerim,
1105 2265 1258 2348 quoniam
1280 2264 1327 2329 illi
1348 2265 1413 2330 loci

275 2403 436 2466 perparvo
452 2382 636 2448 discrimine
652 2387 685 2447 ct
699 2383 840 2449 fortasse
856 2405 934 2450 casu
952 2383 1107 2450 differunt
1122 2384 1164 2450 ab
1177 2385 1227 2466 iis,
1247 2385 1413 2469 inquibus

275 2501 372 2585 plane
401 2523 461 2586 pro
484 2503 595 2568 futuro
617 2503 756 2586 simplici
777 2505 910 2588 ponitur
933 2510 1093 2571 exactum.
1137 2505 1210 2570 Huc
1232 2507 1317 2570 enim
1340 2527 1413 2571 sen·

277 2621 338 2686 sim
358 2621 491 2688 licentia
520 2627 553 2688 et
580 2622 698 2689 oblivio
721 2623 966 2708 significationis
988 2626 1144 2710 temporis
1166 2625 1336 2709 praeteriti
1358 2631 1413 2689 ex·

276 2742 388 2823 cessit,
418 2742 493 2822 sed,
520 2747 558 2808 ut
579 2743 723 2824 videtur,
751 2744 786 2809 in
815 2746 922 2828 prima
950 2750 1076 2812 tantum
1106 2765 1255 2830 persona.
1300 2744 1412 2827 Neque

276 2863 392 2948 negari
411 2862 478 2929 ullo
501 2863 598 2928 modo
619 2869 744 2948 potest,
775 2866 948 2949 separatis,
978 2887 1059 2950 qnos
1087 2865 1197 2951 posui,
1227 2865 1307 2931 locis
1330 2869 1363 2930 et
1384 2863 1413 2930 si

276 2983 332 3067 qui
363 2983 483 3048 similes
514 2989 605 3064 sunt,
636 3005 789 3068 magnum
819 2990 929 3050 tamen
958 2987 1098 3071 relinqui
1125 3007 1296 3052 numerum
1325 2985 1414 3070 apud

275 3102 435 3184 Plautum,
457 3104 631 3170 nonnullos
653 3105 741 3189 apud
763 3105 958 3186 Terentium,
979 3105 1152 3189 inquibus
1174 3106 1298 3171 nullum
1319 3126 1412 3188 pror-

276 3245 330 3289 sus
354 3223 527 3289 discrimen
561 3225 731 3309 utriusque
759 3224 862 3291 futuri
890 3230 1058 3309 appareat.
1089 3225 1128 3290 cf.
1153 3231 1181 3290 2.
1205 3229 1233 3290 3.
1257 3233 1285 3292 5.
1309 3231 1337 3292 9.
1364 3231 1412 3290 14.

278 3348 326 3409 18.
360 3349 408 3410 19.
437 3349 486 3409 23.
517 3349 567 3410 24.
599 3350 648 3410 28.
679 3349 729 3410 30.
761 3349 811 3409 36.
835 3350 886 3412 39.
916 3351 966 3410 40.
990 3349 1040 3411 43.
1064 3350 1114 3410 47.
1137 3351 1188 3412 49.
1212 3351 1262 3412 52.
1289 3351 1338 3412 53.
1362 3351 1412 3412 54.

276 3468 326 3530 55.
350 3468 401 3530 57.
425 3469 474 3530 58.
498 3470 548 3530 67.
575 3470 624 3530 71.
648 3468 697 3529 73.
721 3469 771 3529 74.
796 3470 845 3530 75.
870 3470 921 3530 76.
945 3471 1068 3532 77..78.
1091 3471 1142 3532 81.
1167 3507 1202 3519 -
1309 3479 1311 3484 '

810 3759 879 3843 §a

363 3944 484 4010 Contra
505 3944 591 4010 hanc
604 3945 759 4030 Madvigii
782 3945 963 4012 doctrinam
982 3946 1096 4030 paucis
1115 3945 1262 4032 disputat
1276 3947 1412 4012 Godo-

276 4061 423 4127 fredus
452 4064 719 4131 Hermannus
752 4065 823 4130 loco
853 4087 953 4150 supra
983 4071 1251 4148 commemorat0;
1281 4087 1321 4131 ex
1348 4085 1413 4149 qua
